4057 5790
1993 549 2503 620 *98—

911 787 1378 878 scriptoribus
1434 795 1508 863 et
1559 791 1632 863 in
1709 791 1944 864 titulis
2015 791 2489 864 instauratur.
2533 785 2582 888 1)
2686 793 2829 863 Iam
2882 811 3053 864 vero
3106 795 3373 884 contra,
3430 812 3587 866 cum

909 924 1366 999 retiariorum
1447 949 1678 1018 neque
1753 929 1827 1000 in
1883 928 2091 1000 libris
2140 949 2371 1018 neque
2439 930 2515 1000 in
2583 928 2812 1002 titulis
2867 928 3085 1002 ullam
3147 929 3591 1001 inveniamus

913 1064 1372 1157 mentionem,
1456 1087 1636 1156 quae
1723 1071 2099 1139 exeuntem
2158 1071 2461 1140 aetatem
2516 1065 2785 1139 liberae
2852 1066 3285 1158 reipublicae
3362 1085 3593 1140 exces-

909 1203 1108 1295 serit,
1162 1204 1527 1298 retiarios,
1613 1206 1797 1278 sicut
1875 1226 2117 1278 eorum
2176 1205 2648 1299 adversarioS,
2714 1205 3199 1298 myrmillones
3251 1206 3407 1296 ipso
3452 1205 3587 1278 hoc

905 1345 1228 1432 tempore
1325 1343 1400 1414 in
1513 1364 1716 1415 usum
1825 1344 2145 1435 venisse,
2243 1364 2286 1415 a
2372 1343 2881 1438 probabilitate
2993 1364 3135 1416 non
3224 1343 3564 1415 abhorret

907 1483 1142 1573 Ipsam
1227 1483 1688 1555 retiariorum
1765 1487 2203 1555 armaturam
2295 1505 2383 1556 ex
2473 1482 2678 1556 libris
2776 1489 2852 1555 et
2936 1503 3023 1556 ex
3112 1480 3586 1554 monumentis

909 1621 1080 1693 satis
1142 1620 1484 1693 habemus
1566 1621 1936 1711 cognitam.
2078 1621 2429 1712 Imprimis
2509 1622 2701 1694 inter
2783 1641 3023 1694 eorum
3108 1639 3304 1692 arma
3380 1619 3584 1690 nimi-

907 1780 1061 1831 rum
1120 1764 1319 1831 rete
1371 1756 1852 1853 referendum,
1905 1781 1946 1832 a
1995 1781 2135 1850 quo
2206 1761 2436 1851 ipsum
2494 1781 2738 1832 eorum
2792 1760 3077 1833 ductum
3132 1763 3246 1830 est
3294 1777 3582 1831 nomen.

905 1894 1319 1970 Isidorus
1371 1898 1550 1990 orig.
1609 1895 1891 1988 XVIII,
1943 1899 2084 1970 54:
2160 1897 2545 1991 ,retiarius
2592 1898 2682 1970 ab
2737 1902 3137 1970 armaturae
3192 1916 3453 1987 genere
3507 1894 3581 1966 in

905 2034 1328 2125 gladiatorio
1380 2036 1550 2109 ludo
1606 2042 1859 2110 contra
1912 2037 2216 2110 alterum
2262 2042 2695 2128 pugnantem
2750 2033 3031 2110 ferebat
3079 2035 3348 2109 occulte
3402 2039 3589 2128 rete,

1111 2361 1183 2442 1)
1247 2357 1321 2425 G.
1373 2357 1429 2423 1.
1479 2361 1556 2424 L.
1623 2359 1731 2442 VI,
1803 2361 1926 2425 631
1999 2359 2213 2425 multa
2278 2360 2731 2444 gladiatorum
2798 2379 3050 2444 genera
3118 2363 3575 2441 recensentur,

909 2449 1083 2513 inter
1126 2465 1301 2530 quae
1347 2447 1552 2513 etiam
1598 2447 1942 2511 retiarii
1988 2452 2489 2512 enumerantur.
2582 2447 2687 2512 De
2716 2450 3203 2532 epigrammate
3227 2445 3582 2530 sepulcrali

820 2521 832 2554 '
904 2537 972 2599 in
1023 2535 1368 2599 retiarium
1413 2533 1588 2598 facto
1635 2532 2130 2598 Welckerus
2176 2535 2312 2618 egit
2354 2534 2423 2598 in
2473 2533 2756 2616 Sylloga
2801 2536 3011 2618 epigr.
3064 2533 3183 2598 Gr.
3233 2553 3302 2616 p.
3352 2532 3435 2594 58
3480 2551 3576 2616 sq.

909 2619 1212 2685 Alterum
1293 2619 1598 2684 eiusdem
1672 2621 1936 2703 generis
2017 2621 2438 2704 epigramma
2514 2626 2735 2685 exstat
2821 2620 2999 2704 apud
3080 2618 3575 2683 Kaibelium

907 2707 1137 2790 Epigr.
1186 2707 1302 2771 Gr.
1357 2725 1442 2772 ex
1488 2705 1695 2789 lapid.
1749 2705 1923 2770 conl.
1978 2706 2129 2770 351.
2232 2706 2576 2772 Nonnulla
2641 2707 2727 2770 de
2798 2708 2900 2771 his
2974 2707 3175 2772 rebus
3222 2723 3574 2790 congesse-

901 2799 1054 2858 runt
1099 2793 1173 2857 P.
1227 2790 1281 2856 I.
1331 2792 1714 2874 Meierus,
1770 2793 1870 2857 De
1916 2792 2294 2875 gladiatura
2333 2792 2663 2858 Romana.
2718 2794 2995 2858 Bonnae
3040 2791 3203 2856 1881
3253 2799 3321 2856 et
3368 2793 3574 2855 Mar·

901 2879 1709 2964 quardt-Wissowa,
1781 2879 2016 2945 Roem.
2066 2879 2452 2947 Staatsverf.
2505 2879 2600 2944 111
2666 2879 2709 2943 2
2765 2902 2829 2965 p.
2880 2879 3032 2943 533.
3082 2879 3135 2945 1.
3208 2877 3405 2945 Labi
3451 2878 3595 2943 lib·-

909 2986 1059 3031 rum
1105 2967 1174 3031 in
1221 2966 1350 3031 hac
1397 2985 1605 3031 cansa
1651 2966 2004 3031 consulere
2052 2985 2181 3033 non
2224 2968 2435 3052 potui,
2488 2986 2639 3031 cum
2686 2968 2858 3033 adeo
2893 2964 3572 3033 bibliothecaGottin-

901 3054 1126 3136 gensis
1173 3070 1254 3118 eo
1303 3059 1584 3117 careret.
1633 3050 1882 3138 (Antiq.
1940 3055 2239 3118 Monum.
2290 3051 2707 3136 Bresciana).

1101 3141 1169 3222 2)
1216 3136 1829 3205 Commemoranda
1876 3141 1982 3205 hic
2027 3159 2299 3225 gemma
2346 3140 2682 3224 quaedam
2727 3141 3009 3223 antiqua
3050 3138 3352 3223 (depicta
3392 3138 3571 3222 apud

903 3225 1347 3290 Welckeru
1371 3244 1458 3306 m,
1490 3228 1564 3290 Δ.
1590 3225 1670 3291 D.
1702 3227 1835 3292 tab.
1864 3226 2050 3309 XVI,
2084 3228 2200 3306 32)
2246 3244 2419 3311 quae
2464 3226 2712 3293 multos
2759 3228 2939 3290 viros
2984 3225 3215 3291 doctos
3246 3226 3571 3293 exercuit.

901 3314 1125 3377 Fictus
1169 3318 1269 3375 est
1313 3310 1430 3376 illa
1475 3310 1544 3375 in
1595 3331 1865 3394 gemma
1911 3314 2041 3394 vir,
2093 3316 2208 3397 qui
2254 3314 2398 3377 sola
2445 3312 2643 3395 galea
2691 3319 2930 3391 tectus,
2988 3314 3058 3375 in
3105 3331 3277 3377 saxo
3324 3310 3569 3376 sedens

902 3398 1131 3480 gladio
1179 3417 1252 3463 se
1298 3398 1737 3481 expediturus
1785 3406 1886 3463 est
1931 3418 2017 3463 ex
2062 3402 2211 3482 reti,
2261 3419 2394 3483 quo
2443 3405 2655 3464 totum
2682 3402 2827 3465 eius
2873 3415 3114 3481 corpus
3159 3396 3569 3481 implicatum

901 3493 1024 3551 est.
1078 3488 1259 3550 Ante
1304 3486 1592 3550 hominis
1635 3485 1841 3569 pedes
1868 3495 2131 3551 scutum
2167 3489 2627 3571 conspicuum.
2680 3484 2833 3569 Qua
2860 3504 3130 3567 gemma
3167 3484 3571 3547 winckel-

901 3591 1250 3637 mannus
1319 3571 1528 3651 (Mon.
1577 3571 1676 3635 ln.
1730 3572 1789 3636 11
1838 3592 1898 3655 p.
1953 3570 2110 3655 223)
2178 3574 2709 3658 Phrynonem
2788 3592 2829 3636 a
2895 3572 3153 3637 Pittaco
3216 3573 3565 3652 irretitum,

900 3659 1414 3722 Viscontius
1484 3658 1815 3739 (Iconogr.
1888 3658 2001 3727 Gr.
2047 3659 2077 3722 I
2126 3678 2185 3724 c.
2232 3662 2275 3723 2
2318 3660 2359 3740 ἓ
2404 3660 2476 3738 6)
2538 3656 3167 3741 myrmillonem
3210 3677 3251 3721 a
3297 3657 3570 3722 retiario

903 3745 1310 3827 impeditum
1359 3748 1846 3828 repraesentari
1893 3746 2018 3809 sibi
2066 3754 2559 3829 persuaserunt.
2642 3746 2771 3810 Sed
2844 3749 3201 3827 utrumque
3246 3746 3577 3807 erravisse

901 3830 1406 3895 Chabuillet
1465 3830 1663 3916 (Rev,
1717 3832 2028 3896 Archeol.
2084 3831 2234 3896 v111
2283 3852 2345 3915 p.
2398 3834 2523 3895 112
2568 3834 2701 3917 sq.)
2772 3831 3087 3905 ostendit,
3161 3832 3274 3914 qui
3348 3835 3571 3894 tamen

899 3921 1045 4001 ipse
1089 3918 1158 3980 in
1207 3935 1288 3980 eo
1335 3918 1701 4001 acquievit,
1752 3920 2087 3984 heroicam
2116 3920 2456 4003 quandam
2504 3919 2615 3983 hic
2657 3916 3183 3999 intellegendam
3226 3934 3376 3981 esse
3410 3917 3574 3995 figu-

899 4022 1069 4068 ram.
1153 4004 1370 4087 Atque
1417 4007 1618 4068 etiam
1673 4004 2163 4071 Welckerus
2204 4006 2321 4079 (A.
2379 4006 2456 4068 D.
2508 4006 2594 4083 11,
2646 4026 2709 4089 p.
2760 4004 2919 4081 333)
2964 4002 3209 4068 dubius
3257 4003 3563 4081 haesitat,

905 4089 1230 4173 quidnam
1279 4109 1551 4171 gemma
1595 4093 1726 4155 ista
1771 4097 2338 4175 repraesentatum
2383 4094 2491 4156 sit.
2556 4088 3131 4157 verisimillimum
3178 4090 3467 4171 denique
3513 4090 3599 4152 ei‘

901 4177 1189 4259 videtur,
1267 4179 1545 4261 figuram
1595 4179 1793 4242 istam
1841 4177 1924 4242 ad
1973 4181 2269 4261 ignotam
2322 4178 2659 4263 quandam
2708 4177 3167 4242 narrationem
3214 4177 3571 4260 pertinere.

901 4263 1232 4346 Quisnam
1259 4265 1366 4328 hic
1391 4266 1582 4329 fictus
1607 4265 1692 4327 sit
1716 4283 1803 4329 ne
1845 4283 1969 4346 ego
1998 4266 2271 4348 quidem
2320 4284 2439 4349 pro
2484 4271 2663 4329 certo
2710 4264 3235 4343 adfirmaverim,
3276 4261 3395 4326 sed
3422 4280 3574 4325 cum

898 4352 1120 4435 ipsum
1192 4356 1330 4413 rete
1397 4350 1632 4433 (plane
1677 4351 2018 4416 diversum
2088 4353 2174 4416 ab
2220 4354 2323 4432 iis,
2395 4352 2640 4435 quibus
2708 4350 2882 4433 apud
2930 4347 3573 4413 Winokelmannum

898 4438 1244 4501 retiarii
1293 4438 1596 4502 instructi
1643 4440 1822 4519 sunt)
1868 4439 2083 4502 forma
2143 4456 2413 4522 prorsus
2448 4438 2725 4502 accedat
2754 4437 2838 4501 ad
2868 4435 2962 4517 id,
2998 4454 3129 4519 quo
3164 4435 3575 4498 Vulcanus

899 4522 1181 4588 Martem
1249 4530 1316 4586 et
1364 4524 1693 4588 Venerem
1777 4524 2154 4608 impediens
2222 4526 2288 4587 in
2365 4542 2635 4607 gemma
2678 4523 2969 4606 quadam
3020 4520 3577 4585 Berolinensi

899 4628 1259 4693 expressus
1354 4617 1476 4691 est,
1555 4611 1732 4675 haud
1809 4614 1946 4675 scio
2015 4630 2097 4675 en
2164 4613 2334 4675 ratio
2395 4611 2623 4693 aliqua
2694 4613 2868 4673 inter
2920 4609 3123 4672 ambo
3190 4610 3319 4671 ista
3372 4624 3579 4689 opera

897 4696 1284 4761 intercedat.
1381 4696 1832 4779 (Toelken,
1907 4696 2216 4762 Erklaer.
2270 4698 2466 4762 Verz.
2514 4697 2637 4761 der
2706 4696 2971 4759 vertieft
3018 4694 3292 4774 geschn.
3344 4693 3577 4757 Steine

899 4784 966 4846 d.
1023 4782 1091 4847 k.
1143 4782 1409 4848 Preuss.
1461 4782 2206 4866 Gemmensammlung.
2278 4781 2381 4848 Ol.
2434 4784 2523 4848 111
2578 4784 2777 4848 Abth.
2832 4780 3006 4844 11=u.
3058 4780 3239 4861 399).
3323 4776 3575 4862 Quam-

909 4886 1114 4952 quam
1165 4888 1410 4951 urgere
1458 4872 1584 4935 hoc
1625 4871 1806 4953 nole,
1859 4873 2250 4955 praesertim
2280 4890 2431 4936 cum
2464 4888 2596 4935 non
2625 4869 2823 4953 plane
2848 4866 3025 4931 absit
3049 4866 3364 4949 suspicio,
3416 4866 3574 4947 quin

909 4973 1180 5042 gemma
1235 4956 1684 5023 Berolinensis
1731 4958 2219 5056 recentioribus
2268 4958 2537 5022 demum
2589 4955 2997 5038 temporibus
3046 4954 3351 5018 confecta
3388 4954 3492 5017 sit.
