4057 5790
1893 482 2407 553 —v-14--

809 724 884 796 in
937 723 1270 796 orientali
1320 725 1602 796 insulae
1664 745 1792 797 ora
1845 725 1918 796 in
1957 724 2507 798 Atheniensium
2546 730 2929 812 conspectu
2965 727 3121 792 erat
3168 713 3489 812 posita.¹)

807 858 965 934 Hoc
1019 858 1171 932 fore
1217 868 1297 933 ut
1347 861 1770 934 concedatur
1824 881 2060 952 spero,
2462 939 2467 944 ,

1014 1000 1158 1069 Iam
1198 1020 1307 1070 me
1345 1003 1718 1071 convertor
1754 998 1844 1071 ad
1900 1020 2147 1072 usum
2176 999 2569 1092 antiquum,
2608 1019 2747 1088 quo
2776 996 3258 1070 narrationem
3288 1015 3487 1068 suam

815 1135 1262 1227 comprobari
1343 1143 1664 1210 autumat
1718 1136 2173 1211 Plutarchus,
2309 1135 2530 1210 Ouius
2586 1158 2858 1208 summa
2927 1157 3013 1208 eo
3061 1133 3485 1223 continetur,

814 1275 1001 1363 quod
1053 1275 1215 1346 navi
1268 1275 1519 1351 Attica
1567 1276 1655 1348 ad
1710 1277 2027 1350 insulam
2083 1277 2406 1370 appulsa,
2459 1268 2569 1350 v'ir
2616 1283 2928 1348 armatus
2992 1293 3141 1348 cum
3182 1273 3485 1347 clamore

815 1413 886 1484 in
946 1409 1466 1486 Sciradium
1521 1417 2088 1506 promunturium
2146 1416 2556 1491 accurrerit.
2665 1413 2779 1486 De
2818 1411 3123 1487 Sciradii
3174 1411 3318 1483 situ
3370 1410 3493 1500 qui

815 1555 1214 1640 postremus
1295 1551 1442 1643 egit
1517 1551 2043 1644 Lollingius
2124 1549 2395 1649 (Mitth.
2452 1553 2521 1626 d.
2576 1552 2799 1625 Arch.
2852 1550 3031 1623 Iust.
3093 1548 3129 1622 Ι
3204 1571 3281 1641 p.
3340 1549 3487 1621 134

815 1683 958 1790 sq.)
1011 1691 1578 1780 promunturium
1652 1692 1834 1765 illud
1919 1694 2110 1765 inter
2168 1691 2690 1787 septentriones
2744 1696 2819 1764 et
2868 1690 3212 1800 orientem
3269 1687 3488 1760 solem

816 1822 918 1920 (in
973 1833 1352 1918 conspectu
1402 1830 1686 1921 praedii
1743 1829 1992 1923 Attici
2057 1827 2582 1902 monasterialis
2632 1823 3100 1926 Skarmanga)
3160 1824 3490 1896 exadver-

751 2047 762 2064 ί
817 1985 936 2036 sus
991 1965 1355 2056 parvulam
1407 1966 1710 2039 insulam
1759 1964 2001 2038 Leron
2055 1967 2356 2041 iacuisse
2437 1961 2671 2038 sumit.
2698 1961 2765 2064 ²)
2884 1963 3023 2038 Hic
3082 1962 3485 2053 Lollingius

818 2103 1352 2194 inscriptionem
1407 2105 1684 2177 invenit
1734 2106 1809 2177 in
1865 2125 2105 2177 saxum
2161 2105 2476 2194 incisam,
2526 2106 2602 2175 in
2662 2125 2802 2194 quo
2852 2104 3138 2175 nomina
3170 2123 3299 2174 sua
3335 2122 3492 2195 pry-

821 2250 1028 2313 tanes
1083 2239 1673 2333 Hippothontidis
1727 2235 1980 2328 tri‘buS,
2052 2245 2173 2332 qui
2230 2244 2431 2315 deam
2486 2241 2886 2334 coluerant,
2941 2240 3488 2332 inscripserunt.

821 2379 1044 2451 Tituli
1071 2379 1284 2452 verba
1343 2377 1825 2480 εὖσεβήσαντες
1868 2379 1989 2477 τὴν
2044 2375 2201 2449 θεὸν
2255 2377 2496 2456 αὑτοὺς
2552 2377 2940 2475 ἀνέγραψαν
2988 2382 3151 2469 ipsa
3198 2380 3491 2451 nomina

820 2518 1080 2611 partim
1163 2519 1496 2592 mutilata
1591 2527 2008 2608 sequuntur.
2118 2519 2227 2591 Ad
2306 2517 2491 2591 hunc
2541 2518 2770 2592 locum
2826 2517 3205 2610 pristinum
3264 2515 3497 2616 Scira7

824 2655 1012 2726 dium
1068 2663 1352 2729 revocat
1403 2656 1848 2750 LollingiuS‚
1932 2679 2115 2750 cum,
2194 2658 2333 2730 nisi
2388 2655 2785 2730 Minervam
2833 2655 3154 2742 Scirada‚
3228 2656 3492 2729 nullam

821 2793 894 2863 in
952 2792 1099 2865 ullo
1155 2791 1536 2868 Salaminis
1587 2796 2084 2888 promunturio
2153 2795 2354 2868 deam
2432 2795 2697 2868 cultam
2777 2793 2997 2870 fuisse
3078 2801 3323 2869 notum
3402 2795 3495 2868 sit

777 2949 949 3003 ‘nec
1026 2931 1114 3005 de
1197 2933 1414 3006 simili
1497 2934 1700 3007 cultu
1782 2935 1962 3009 alius
2028 2936 2203 3007 deae
2257 2931 2614 3008 Salamine
2668 2935 3055 3026 quidquam
3101 2933 3494 3008 habeamus

823 3076 1278 3161 compertum.
1383 3069 1574 3163 Ergo
1627 3071 1894 3167 Arapis
1949 3079 2319 3166 montem,·
2357 3074 2476 3163 qui
2526 3072 2738 3145 hodie
2795 3078 3265 3167 nuncupatur,
3320 3073 3495 3165 pris-

821 3227 974 3281 cum
1027 3209 1207 3281 illud
1259 3208 1456 3309 ἄκρον
1504 3207 1840 3309 Σκιράδιον
1896 3210 2143 3303 fuisse,
2204 3210 2334 3283 ubi
2364 3208 2694 3283 Minerva
2736 3207 2971 3284 Sciras
3004 3211 3193 3287 culta
3220 3210 3496 3285 fuisset.

821 3336 975 3420 Nec
1030 3349 1326 3421 multum
1387 3349 1557 3422 inde
1612 3352 1845 3443 ipsius
1900 3350 2074 3422 deae
2124 3349 2462 3440 templum
2515 3347 2853 3421 abfuisse.
2976 3351 3055 3422 In
3102 3351 3499 3442 propinquo

827 3484 1234 3577 Lollingius
1325 3488 1537 3560 etiam
1641 3487 1879 3574 illius,
1973 3488 2172 3561 cuius
2262 3485 2697 3560 Plutarchus
2791 3470 3218 3562 mentionem
3307 3487 3498 3581 fecit,

819 3622 1165 3718 Enyalii
1217 3627 1465 3722 templi
1518 3626 1855 3718 reliquias
1902 3627 2261 3700 invenisse
2316 3626 2453 3699 sibi
2514 3626 2823 3699 videtur.
3069 3622 3077 3630 ’

1026 3762 1225 3854 Quae
1281 3765 1863 3839 ratiocinationes
1955 3766 2137 3837 satis
2209 3771 2376 3837 sunt
2426 3765 2841 3856 probabiles
2896 3786 3026 3841 nec
3081 3764 3505 3858 repugnavit

815 3902 906 3973 iis
961 3899 1189 3974 adhuc
1237 3903 1630 3992 quisquam.
1739 3899 1909 3975 Non
1965 3901 2231 3974 iniuria
2276 3901 2600 3975 sortasse.
2688 3902 3038 3976 Attamen
3069 3926 3216 3977 una
3245 3902 3499 3976 saltem

1025 4265 1095 4343 1)
1184 4264 1344 4328 Fert
1401 4266 1674 4329 omnino
1733 4269 1874 4327 tota
1917 4280 2023 4326 res
2070 4263 2455 4345 posterioris
2498 4264 2675 4328 fictio
2704 4266 2809 4328 nis
2857 4264 3143 4344 vestigia
3188 4280 3355 4347 prae
3400 4280 3495 4331 se.

819 4352 1042 4435 Ipsam
1093 4352 1268 4414 enim
1320 4351 1551 4415 urbem
1606 4350 1976 4428 Salamina,
2038 4367 2214 4432 quae
2275 4350 2530 4413 tamdiu
2578 4351 3093 4415 Atheniensium
3144 4350 3346 4415 armis
3394 4368 3493 4413 re·

819 4438 1122 4514 stitisset,
1176 4438 1421 4501 unius
1470 4440 1714 4501 navis
1760 4437 2012 4519 impetu
2060 4436 2355 4518 potuisse
2402 4436 2567 4520 capi,
2618 4438 2702 4501 ab
2750 4438 2932 4501 omni
2986 4436 3307 4502 abhorret
3344 4453 3492 4521 pro-

818 4523 1189 4588 babilitate.
1289 4524 1419 4587 Sed
1469 4525 1655 4606 origo
1705 4524 1902 4587 huius
1951 4522 2354 4587 narrationis
2400 4529 2577 4587 certe
2612 4542 2654 4587 a
2698 4524 2855 4587 satis
2902 4524 3197 4607 antiquis
3244 4530 3494 4606 tempo·

818 4612 1004 4673 ribus
1046 4608 1436 4691 repetenda.
1530 4609 1909 4673 Verisimile
1953 4616 2077 4689 est,
2130 4628 2279 4673 eam
2328 4618 2593 4694 postero
2656 4614 2955 4693 tempore
3012 4612 3082 4674 in
3131 4608 3492 4677 Athenien-

820 4696 990 4760 sium
1036 4695 1392 4760 annalibus
1440 4696 1648 4760 fuisse
1693 4696 2125 4778 descriptam.

932 4800 1095 4949 343)
1186 4796 1518 4880 Lollingio
1587 4820 1797 4885 nuper
1861 4798 2305 4883 adstipulatus
2377 4808 2480 4863 est
2525 4798 2981 4881 Robert11s‚
3052 4800 3283 4864 Herm.
3362 4798 3495 4863 XX

818 4905 878 4967 p.
1064 4934 1079 4951 .
