4057 5790
1595 555 2057 622 -7-

693 791 946 865 Finem
1025 795 1460 866 narrationis
1539 795 1914 890 paulisper
1981 797 2077 870 ad
2156 798 2545 871 oratoriam
2628 797 3001 873 dictionem
3058 819 3162 874 ac·

482 931 948 1007 commodavit
1028 929 1460 1024 Polyaenus,
1542 932 1616 1004 id
1682 934 1868 1022 quod
1947 935 2104 1025 ipsa
2182 935 2350 1007 libri
2402 937 2555 1008 eius
2604 942 2871 1010 natura
2924 946 3161 1031 postu-

478 1070 696 1143 labat.
737 1059 792 1162 ¹)
901 1067 1310 1143 Consensus
1385 1071 1576 1143 inter
1625 1076 2002 1161 utrumque
2086 1095 2253 1146 vero
2332 1079 2483 1146 tam
2538 1080 2649 1148 est
2698 1077 3028 1170 insignis,
3078 1083 3158 1150 ut

479 1207 917 1301 Polyaenum
973 1212 1194 1280 totam
1246 1209 1744 1283 narrationem
1801 1232 1889 1282 ex
1941 1213 2095 1306 ipso
2152 1211 2535 1286 Plutarcho
2591 1213 2974 1308 delibasse,
3046 1217 3159 1288 vix

479 1347 707 1438 possit
781 1347 1056 1436 negari.
1169 1346 1613 1438 Quamquam
1661 1349 1965 1438 cogitari
2013 1356 2275 1444 potest,
2334 1359 2711 1441 utrumque
2766 1375 2855 1426 ex
2908 1354 3154 1427 eodem

483 1482 678 1558 fonte
735 1485 1086 1579 hausisse,
1152 1508 1358 1577 quem
1417 1527 1512 1540 —
1583 1489 1646 1560 si
1690 1488 1822 1562 hoc
1873 1488 2229 1562 malumus
2283 1533 2385 1548 --
2435 1511 2661 1583 paene
2714 1493 2803 1564 ad
2862 1493 3153 1565 verbum

478 1622 568 1696 ab
619 1624 708 1696 iis
762 1645 921 1698 esse
975 1627 1430 1718 exscriptum,
1501 1644 1788 1698 necesse
1845 1630 1978 1706 est.
2013 1621 2079 1724 ²)
2181 1627 2530 1702 Parvulas
2618 1630 3151 1722 discrepantias,

475 1781 660 1852 quae
719 1784 862 1835 non
917 1766 1057 1838 nisi
1105 1765 1196 1838 ad
1241 1764 1720 1839 elocutionem
1757 1765 2153 1855 pertinent,
2200 1787 2240 1837 e
2280 1767 2477 1839 varia
2511 1765 2857 1840 librorum
2894 1774 3155 1841 natura

473 1907 549 1972 et
598 1901 1066 1994 dispositione
1126 1909 1336 1977 natas
1392 1923 1550 1976 esse
1603 1909 1924 1994 apparet.

681 2055 846 2131 Una
894 2061 1177 2149 quidem
1226 2057 1632 2134 differentia
1667 2058 2281 2131 commemoranda
2335 2063 2464 2144 est,
2523 2078 2663 2146 qua
2698 2064 2937 2129 tamen
2974 2056 3149 2130 haec

471 2194 664 2266 inter
716 2203 1092 2289 utrumque
1136 2200 1550 2291 scriptorem
1606 2199 1798 2272 ratio
1845 2219 1988 2270 non
2028 2196 2235 2269 modo
2291 2217 2432 2269 non
2471 2194 2967 2288 labefactatur,
3024 2196 3152 2269 sed

473 2330 660 2405 haud
718 2335 863 2408 scio
914 2357 1005 2408 an
1056 2339 1597 2430 comprobetur:
1651 2335 2052 2428 Polyaenus
2103 2356 2319 2406 unum
2376 2331 2787 2407 Solonem
2844 2335 3148 2406 insulam

472 2473 988 2562 expugnavisse
1063 2475 1299 2560 tradit,
1381 2495 1536 2550 cum
1619 2474 2050 2549 Plutarchus
2126 2494 2284 2545 eum
2364 2471 2883 2546 Pisistrato
2961 2475 3149 2546 socio

467 2631 668 2680 usum
737 2631 893 2682 esse
962 2606 1434 2702 perhibuerit.
1545 2611 1750 2698 Sunt,
1800 2613 1922 2702 qui
1984 2609 2449 2703 Polyaenum,
2522 2610 2781 2702 quippe
2840 2629 2992 2684 cum
3072 2611 3146 2683 in

472 2745 761 2820 confusa
797 2747 1168 2822 Plutarchi
1205 2757 1600 2842 temporum
1655 2751 2132 2842 descriptione
2194 2748 2614 2841 offenderet,
2687 2748 3009 2821 consulto
3057 2750 3145 2820 ab

467 2905 550 2956 eo
607 2883 1018 2959 discessisse
1077 2888 1532 2978 sumpserint.
1563 2882 1627 2984 3)
1708 2884 1852 2959 Sed
1909 2885 2181 2981 dubito,
2238 2910 2401 2961 num
2458 2886 2863 2993 Polyaenus
2916 2893 3146 2963 taut-o-
3266 2902 3275 2911 ·

463 3025 762 3113 pere¹in
817 3030 1210 3115 temporum
1268 3026 1552 3098 ordines
1606 3020 2059 3115 inquisiverit
2130 3032 2552 3117 tantumque
2606 3028 2948 3101 acuminis
3004 3051 3145 3101 om-

465 3163 636 3234 nino
713 3163 837 3234 isti
924 3165 1256 3254 scriptori
1333 3164 1549 3238 liceat
1631 3165 1949 3237 attribui.
2060 3165 2267 3257 Quod
2324 3188 2539 3243 unum
2600 3164 2935 3239 Solonem
2991 3156 3172 3238 rem'

465 3301 772 3389 gessisse
826 3300 1072 3394 refert,
1135 3324 1273 3374 non
1332 3303 1469 3375 nisi
1527 3324 1612 3411 ex
1667 3305 1906 3394 operis
1959 3305 2113 3376 eius
2168 3303 2407 3376 indole
2464 3304 2953 3395 explicandum
3008 3311 3136 3377 est.

460 3436 867 3533 Polyaenus
916 3440 1179 3512 librum
1235 3464 1436 3514 suum
1492 3443 1596 3514 ita
1649 3442 1984 3535 instituit,
2026 3450 2104 3514 ut
2157 3442 2287 3515 sub
2342 3444 2624 3515 nomine
2674 3444 2884 3515 unius
2916 3444 3141 3517 cuius-

463 3600 600 3669 que
645 3579 781 3654 viri
826 3580 1161 3671 deinceps
1218 3582 1369 3652 eius
1418 3602 1536 3653 res
1592 3590 1853 3675 gestas,
1935 3587 2182 3671 utpote
2240 3581 2497 3671 quibus
2547 3582 2853 3653 hominis
2910 3602 3140 3653 mores

461 3717 1028 3807 illustrarentur,
1071 3725 1464 3791 enarraret.
1573 3717 1822 3807 Itaque
1867 3716 2126 3789 cumin
2158 3716 2535 3791 Plutarchi
2561 3715 2695 3788 illa
2725 3719 3135 3789 narratione

455 3859 722 3949 primas
797 3865 1046 3949 ageret
1125 3854 1322 3949 Solo,
1409 3856 1831 3929 Pisistratus
1914 3876 2081 3929 vcro
2165 3855 2275 3926 illi
2357 3856 2561 3944 quasi
2641 3872 2872 3928 comes
2946 3864 3140 3928 esset

467 3994 873 4078 adiunctus„
963 3993 1371 4086 Polyaenus
1456 4015 1596 4065 non
1659 3993 2015 4065 dubitavit
2080 3991 2387 4063 militare
2438 3992 2620 4063 illud
2672 3991 2945 4067 facinus
3000 3994 3137 4065 soli

667 4304 734 4381 1)
779 4302 1119 4368 Plutarchi
1169 4304 1461 4369 narratio
1509 4322 1741 4367 versus
1787 4304 1990 4366 finem
2038 4320 2171 4367 non
2220 4307 2323 4365 est
2365 4304 2651 4385 integra.

657 4408 732 4483 2)
774 4406 972 4471 Otto
1021 4408 1308 4489 Knott,
1364 4408 1452 4471 de
1483 4408 1616 4471 side
1649 4414 1716 4471 et
1761 4409 1923 4471 font.
1973 4406 2298 4489 Polyaeni
2358 4404 2771 4487 (Commeat.
2822 4407 2986 4488 phil.
3034 4406 3131 4470 Ie·

455 4511 650 4572 nens.
704 4494 906 4573 1884)
951 4516 1016 4577 p.
1070 4495 1154 4556 83
1229 4513 1408 4577 quae
1474 4496 1648 4577 apud
1701 4500 2052 4577 utrumque
2107 4494 2496 4575 scriptorem
2546 4493 2791 4575 pariter
2835 4494 3129 4557 referun-

456 4588 568 4643 tur
607 4586 1088 4663 strategemata
1138 4582 1222 4645 ad
1270 4601 1699 4646 communem
1743 4588 2087 4645 auctorem
2134 4578 2452 4643 recedere
2525 4578 2906 4646 arbitratur.
2995 4576 3127 4644 Sed

452 4666 714 4747 dubito,
785 4688 944 4731 num
997 4670 1140 4732 eius
1183 4668 1740 4733 ratiocinationes
1787 4669 2135 4731 hominum
2197 4666 2549 4729 doctorum
2598 4663 2909 4747 plausum
2962 4666 3128 4729 latu-

451 4770 574 4816 rae
614 4753 766 4817 sint.

655 4858 720 4937 3)
809 4857 1248 4921 Arnoldus
1319 4859 1530 4941 Hug,
1605 4857 1696 4921 M.
1749 4856 1878 4921 Rh.
1946 4854 2204 4936 XXXII,
2278 4875 2339 4936 p.
2392 4854 2537 4917 630.
2666 4854 3128 4919 Bohrenius

451 4941 698 5007 Philol.
751 4942 944 5007 XXX
991 4964 1058 5027 p.
1112 4943 1255 5007 188.
