4057 5790
1564 565 2129 638 —111-

505 808 708 884 chum
765 829 975 882 nemo
1030 783 1366 898 antiquus
1420 806 1726 899 scriptor
1777 805 2165 898 quidquam
2220 805 2601 879 memoriae
2670 806 2989 900 prodidit
3043 830 3186 881 um-

508 967 740 1038 quam.
849 945 1100 1020 Movet
1153 945 1440 1020 omnino
1494 945 1618 1018 ille
1681 943 1872 1018 haud
1925 945 2185 1018 leviter
2238 945 2740 1040 suspicionem,
2810 945 2950 1018 nisi
2996 944 3183 1034 forte

508 1090 632 1157 aut
665 1083 1130 1160 Plutarchum
1181 1083 1294 1158 hic
1348 1080 1782 1159 confusionis
1834 1103 2137 1173 arguere
2192 1088 2322 1154 aut
2376 1082 2654 1156 scribae
2694 1103 2977 1156 manum
3029 1103 3182 1176 pec-

499 1241 701 1326 casse
757 1244 1038 1296 sumere
1097 1217 1544 1314 malumus').
1645 1218 1797 1334 Sed
1872 1227 2041 1294 utut
2105 1241 2181 1293 se
2232 1221 2404 1294 haec
2480 1241 2597 1293 res
2666 1219 2911 1314 habet,
2997 1223 3168 1314 quin

505 1359 879 1436 Plutarchi
923 1351 1312 1458 Ἀργολὶς
1361 1353 2169 1453 Τιμώνασσα.οοᾶοω
2224 1359 2343 1451 sit,
2394 1364 2604 1449 atque
2642 1356 2999 1434 Herodoti
3036 1361 3167 1435 illa

497 1492 777 1595 Ἀργείη
842 1495 1006 1593 γυνή
1061 1500 1177 1570 vix
1225 1498 1617 1590 quisquam,
1671 1497 1947 1590 opinor,
1989 1496 2369 1572 dubitabit.
2446 1495 2674 1588 Quam
2713 1496 2993 1588 quidem
3033 1520 3172 1589 quo

501 1641 820 1728 tempore
872 1638 946 1710 in
1003 1636 1523 1710 matrimonium
1578 1636 1862 1708 duxerit
1914 1633 2349 1708 Pisistratus
2400 1635 2835 1728 ignoramus,
2889 1637 3026 1709 etsi
3094 1637 3163 1708 ei

506 1773 582 1846 in
661 1774 890 1848 altero
959 1775 1171 1848 exilio
1241 1793 1397 1849 cum
1450 1775 1746 1868 Argivis
1821 1774 2138 1848 rationes
2224 1747 2716 1847 intercessisse
2797 1779 3099 1848 constat.
3111 1771 3175 1868 2)

508 1909 656 1987 Sed
706 1912 870 1988 hinc
921 1913 1011 1986 ad
1077 1914 1486 2004 nuptiarum
1562 1919 1840 2004 tempus
1910 1913 2241 1986 nimirum
2326 1911 2507 1988 nihil
2588 1911 2756 1988 licet
2832 1911 3173 1986 concludi.

507 2047 719 2142 Quod
771 2071 858 2122 ex
911 2048 1278 2124 Plutarchi
1325 2051 1734 2124 testimonio
1779 2050 2161 2144 lucramur,
2208 2050 2346 2126 hoc
2395 2071 2611 2122 unum
2660 2054 2795 2142 cst,
2842 2047 3179 2124 Pisistra-

503 2192 652 2261 tum
703 2187 889 2260 filios
941 2188 1088 2261 iam
1142 2188 1474 2262 habuisse
1531 2189 1914 2280 adultoS,
1970 2187 2510 2281 cum·Argivam
2551 2188 2762 2260 istam
2808 2188 2883 2260 in
2939 2189 3177 2261 matri·

505 2326 814 2399 monium
865 2325 1179 2399 duceret.
1287 2328 1430 2398 Iam
1502 2348 1672 2400 vero
1751 2325 2157 2419 Hippiam
2226 2333 2299 2399 ct
2348 2324 2943 2417 Hipparchum
2999 2324 3177 2398 Pisi·

505 2464 712 2536 strati
739 2447 1046 2536 filiorum
1082 2471 1254 2538 natu
1289 2463 1510 2540 fuisse
1548 2465 1888 2538 maximos
1925 2470 2232 2542 constat.
2254 2461 2316 2563 3)
2371 2464 2567 2557 Quos
2595 2463 3022 2538 Pisistratus
3046 2466 3176 2540 ite-

719 2633 784 2717 1)
829 2637 1230 2718 Accepimus
1276 2653 1318 2699 a
1363 2635 1706 2700 veteribus
1753 2635 1936 2718 ipsis,
2011 2634 2345 2700 Pisistrati
2406 2633 2579 2700 filios
2635 2653 2918 2700 numero
2968 2637 3181 2703 fuisse

502 2725 945 2804 quattuor:
999 2721 1221 2785 Schol.
1279 2722 1617 2806 Aristoph.
1673 2723 1869 2805 Vesp.
1925 2722 2074 2785 502.
2123 2721 2311 2804 (Lys.
2358 2721 2541 2800 619).
2602 2719 3177 2788 Plutarchum

501 2812 730 2870 autem
776 2807 842 2870 in
891 2808 970 2871 iis
1014 2825 1306 2892 quoque,
1380 2826 1554 2893 quae
1594 2807 1680 2872 de
1725 2807 2016 2873 Chai-m
2043 2826 2083 2873 o
2168 2808 2496 2872 Pisistrati
2560 2808 2815 2873 amasio
2870 2808 3161 2892 tradidit,

409 2940 432 2953 ,
503 2893 780 2977 turpiter
865 2897 1152 2960 rravisse
1199 2898 1628 2961 manifestum
1677 2902 1778 2961 est
1823 2894 1994 2977 (Sol.
2046 2915 2107 2959 c.
2156 2894 2239 2979 1).
2292 2893 2586 2961 Omnino
2632 2895 2957 2960 Pisistrati
3002 2895 3172 2962 filio·

497 3000 642 3045 rum
716 2998 827 3045 me
903 2983 1046 3046 oria
1123 2982 1304 3065 apud
1381 2984 1779 3067 posteriores
1853 2984 2214 3065 scriptores
2290 2981 2661 3047 admodum
2710 2981 3056 3047 mutabilis
3103 2989 3172 3048 et

498 3068 768 3132 infirma
849 3076 976 3148 est,
1071 3068 1258 3133 velut
1343 3069 1520 3152 apud
1598 3068 1902 3133 lustin
1930 3090 1972 3133 u
2001 3088 2069 3131 m
2146 3068 2514 3153 Hipparchi
2586 3073 2812 3151 partes
2876 3073 3176 3155 suscepit

503 3152 839 3221 Diocles
916 3153 1190 3238 quidam
1251 3154 1382 3238 (Π,
1433 3156 1532 3235 9):
1616 3154 1803 3238 ,Post
1863 3155 2020 3237 ‚eius
2100 3155 2494 3235 (Pisistrati)
2544 3159 2825 3219 mortem
2876 3155 3167 3243 Diocles,

501 3240 670 3305 alter
716 3258 803 3303 ex
850 3240 1024 3322 filiis,
1073 3258 1196 3325 per
1247 3243 1384 3305 vim
1427 3246 1731 3325 stuprata
1775 3242 2037 3323 virgine
2083 3260 2125 3305 a
2170 3243 2375 3307 fratre
2421 3240 2683 3325 puellae
2722 3242 3170 3308 interficitur.‘

503 3328 575 3392 F.
625 3324 873 3399 Ruhl.
925 3326 1008 3391 N.
1059 3326 1288 3392 Jahrb.
1342 3329 1386 3393 f.
1437 3327 1675 3392 Philol.
1717 3328 1783 3391 S.
1839 3329 1909 3392 B.
1967 3326 2065 3393 VI
2108 3346 2167 3410 p.
2214 3328 2361 3392 132.

713 3413 786 3493 2)
830 3410 986 3477 Hoc
1029 3431 1116 3477 ex
1160 3413 1570 3478 Herodoti
1636 3415 2020 3479 testimonio
2069 3413 2293 3495 colligi
2340 3416 2559 3499 potest
2602 3412 2662 3495 Ι,
2714 3412 2821 3477 61:
2900 3420 3003 3479 καὶ
3048 3418 3169 3502 γὰρ

489 3498 762 3585 Ἀργεῖοι
813 3502 1122 3581 μισθωτοὶ
1164 3498 1448 3563 ἀπίκοντο
1505 3499 1572 3563 ἐκ
1617 3498 2107 3579 Πελοποννήσου.
2199 3501 2473 3565 Praeter
2545 3499 2713 3564 haee
2790 3500 2875 3564 de
2955 3518 3037 3567 ea
3098 3520 3173 3567 re

500 3590 716 3651 exstat
745 3584 938 3649 nihil.
985 3585 1491 3650 Dunckerus
1539 3586 1620 3650 G.
1655 3586 1724 3649 d.
1761 3586 1840 3651 A.
1879 3582 1996 3649 v1⁵
2026 3608 2091 3671 p.
2126 3585 2289 3650 461:
2370 3585 2587 3667 ,Nach
2618 3588 2841 3651 seiner
2874 3588 3161 3653 aweiten

499 3670 948 3755 Vertreibung
989 3691 1130 3735 war
1155 3672 1536 3736 Pisistratus
1561 3674 1730 3736 nach
1763 3674 2033 3753 Argos‘
2074 3690 2541 3765 gegangen.
2599 3671 2687 3736 Er
2716 3673 2993 3756 knupfte
3022 3674 3167 3739 hier

500 3758 1026 3840 Verbindungen
1095 3777 1181 3821 an
1255 3759 1386 3821 und
1459 3760 1682 3823 fuhrte
1741 3761 1848 3824 ein
1895 3759 2093 3823 Weib
2140 3778 2261 3823 aus
2310 3760 2548 3841 Argos,
2599 3759 2709 3824 die
2755 3760 3161 3826 Timonassa

494 3846 564 3911 in
607 3846 782 3907 3·ter
805 3844 947 3909 Ehe
979 3844 1217 3909 heim.‘
1296 3846 1394 3909 De
1435 3845 2016 3927 Hegesistrato
2051 3843 2165 3909 ille
2196 3844 2541 3909 contendit
2576 3847 2703 3909 hoc
2732 3844 2776 3909 1.
2818 3845 2860 3909 l.
2896 3865 2975 3929 p.
3010 3846 3161 3911 467:

495 3930 1020 4013 ,Hegesistratus
1061 3934 1149 3995 ist
1192 3930 1311 3995 der
1356 3929 1728 3997 aelteste
1769 3932 1981 3996 Sohn
2026 3930 2147 3995 des
2180 3932 2560 3995 Pisistratus
2606 3931 2742 3996 und
2790 3932 2909 3997 der
2932 3932 3159 3997 Timo·

498 4036 697 4083 nassa
728 4035 858 4081 von
897 4016 1170 4099 Argos.‘
1215 4017 1515 4099 Quarum
1541 4037 1766 4084 rerum
1791 4018 2099 4083 notitiam
2138 4017 2316 4083 unde
2353 4018 2729 4101 perceperit
2760 4018 3159 4085 Dunckerus

499 4109 824 4187 exputare
869 4122 1156 4187 nequeo.
2914 4162 2921 4171 .

703 4189 771 4269 3)
819 4190 920 4253 De
966 4208 1201 4255 eorum
1249 4195 1462 4254 matre
1508 4192 1670 4254 certi
1703 4188 1870 4255 nihil
1904 4194 2141 4255 notum
2174 4194 2297 4255 est.
2392 4190 2907 4257 Dunckerus
2956 4193 3161 4277 enim,

497 4294 649 4339 cum
689 4276 758 4339 in
810 4275 1240 4342 diiudicanda
1287 4278 1412 4341 hac
1458 4277 1852 4361 quaestione
1893 4278 1978 4342 ad
2025 4276 2244 4341 Schol.
2294 4276 2630 4360 Aristoph.
2676 4276 2801 4361 Eq.
2840 4277 2970 4342 449
3008 4298 3157 4363 pro·

497 4366 794 4439 vocaret,
866 4363 934 4425 in
1014 4380 1306 4427 errorem
1383 4362 1616 4427 incidit
1693 4362 1806 4441 (G.
1858 4364 1924 4427 d.
1981 4364 2059 4429 A.
2111 4359 2231 4427 v1⁶
2274 4382 2336 4447 p.
2391 4362 2561 4447 455).
2686 4364 2793 4428 Fit
2859 4366 3039 4429 enim
3089 4366 3158 4429 in

495 4447 750 4514 scholio
794 4447 911 4513 illo
957 4448 1022 4511 M
1039 4449 1469 4530 yrrhinae
1514 4448 2206 4539 cuiusdam-mentio,
2271 4468 2477 4533 quam
2523 4450 2949 4533 Pisistratus,
3013 4472 3167 4517 cum

497 4533 924 4617 tyrannidem
981 4535 1322 4599 adfectans
1392 4552 1590 4599 curru
1635 4542 2083 4601 reverteretur
2129 4535 2449 4618 Athenas,
2525 4537 2738 4619 ipsam
2790 4536 3159 4603 Minervam

497 4621 694 4686 deam
764 4638 914 4686 esse
972 4621 1415 4686 simulaverit.
1509 4618 1702 4704 Quae
1747 4623 2000 4687 femina
2044 4624 2111 4685 in
2160 4622 2413 4687 scholio
2461 4622 2923 4688 Pisistrati
2968 4643 3163 4707 uxor,

499 4707 854 4790 Hippiae
927 4712 990 4773 et
1055 4708 1513 4791 Hipparchi
1595 4714 1809 4773 mater
1881 4716 2183 4775 vocatur.
2318 4707 2451 4773 Sed
2530 4710 2656 4775 hoc
2698 4714 2956 4775 rectum
3014 4730 3164 4777 esse

496 4810 924 4877 nequaquam
998 4798 1242 4877 potest.
1363 4790 1630 4879 Quippe
1689 4800 1826 4860 tota
1885 4795 2188 4861 distortio
2245 4798 2311 4861 et
2374 4796 2771 4879 depravatio
2814 4796 2975 4861 inde
3020 4804 3166 4863 orta

496 4879 796 4963 videtur,
859 4879 1038 4965 quod
1097 4879 1454 4947 scholiasta
1499 4884 1642 4947 eius
1705 4882 1946 4966 ipsius,
2007 4900 2211 4965 quem
2281 4881 2859 4949 commentabatur
2922 4890 3168 4967 poetae

504 4966 710 5030 verba
755 4984 986 5049 parum
1034 4966 1384 5033 intellexit.
1483 4968 2076 5054 Aristophanis
2125 4986 2361 5033 versus
2424 4966 2577 5053 (Eq.
2615 4968 2767 5052 ⁴49)
2822 4971 2943 5035 τῶν
3004 4972 3167 5058 Βυρ-
