4057 5790
1574 605 2097 678 *65*

491 818 1005 910 descriptiones
1053 818 1242 910 apud
1298 839 1455 890 eum
1506 837 1754 890 omnes
1808 813 1994 889 infra
2042 817 2117 910 (ἓ
2174 811 2303 912 79)
2353 820 2727 907 congestae
2794 821 2985 907 sunt,
3038 815 3161 890 ubi

491 963 564 1030 et
665 978 828 1048 qua,
883 955 1279 1051 olympiade
1361 935 1690 1028 floruerit
1754 953 2117 1066 Pittacus'
2158 975 2434 1045 quaque
2508 961 2806 1028 mortem
2896 953 3161 1027 obierit

493 1095 770 1188 (addito
826 1102 1019 1169 certo
1076 1093 1496 1187 olympiadis
1551 1113 1737 1166 anno
1777 1099 1852 1166 et
1884 1093 2227 1169 archonte
2269 1090 2734 1180 Atheniensi)
2790 1093 3159 1166 definitum

489 1239 626 1310 est.
731 1233 1008 1326 Quibus
1063 1233 1150 1309 de
1198 1236 1598 1309 rationibus
1651 1258 1792 1308 non
1831 1241 1942 1308 est
1977 1254 2102 1308 cur
2162 1235 2595 1309 dubitemus.
2700 1230 2854 1307 Nec
2889 1231 3159 1307 Suidae

490 1378 780 1464 praeter
829 1372 1002 1448 haec
1059 1372 1439 1463 quidquam
1497 1374 1988 1466 suppeditasse
2060 1379 2256 1465 puto.
2300 1317 2317 1451 5¹
2366 1372 2555 1446 Hinc
2636 1368 2765 1466 (ol.
2821 1367 2954 1468 42)
3019 1391 3158 1461 qua

492 1502 891 1602 olympiade
946 1518 1156 1585 natus
1211 1519 1405 1586 esset
1453 1511 1778 1586 Pittacus
1835 1513 1964 1606 (ol.
2005 1513 2141 1606 32)
2196 1535 2237 1585 a
2272 1510 2498 1586 Suida
2527 1510 2643 1584 vel
2683 1512 2838 1585 eius
2874 1515 3161 1583 auctore

493 1647 815 1722 effectum
870 1671 1052 1744 esse,
1108 1650 1282 1724 satis
1336 1630 1646 1778 eluceat
1691 1648 1947 1742 Neque
2016 1652 2230 1724 aliter
2284 1652 2369 1724 de
2438 1651 2843 1742 insequenti
2899 1647 3162 1723 Suidae

492 1787 995 1861 terminatione
1047 1788 1539 1884 iudicabimus,
1593 1789 1655 1862 si
1711 1811 1866 1862 eam
1903 1791 2074 1863 item
2107 1811 2195 1863 ex
2228 1789 2559 1880 Diogene
2598 1785 2665 1880 (ἓ
2700 1781 2833 1886 ’79)
2867 1787 3163 1879 petitam

497 1945 656 1998 esse
685 1927 1282 2017 reputaverimus.
1360 1923 1556 2000 Nota
1584 1927 1870 2000 omnino
1901 1929 2057 2000 sola
2082 1927 2344 2002 Pittaci
2373 1925 2551 2023 ἀκμή
2596 1926 2816 1999 fuisse
2858 1925 3163 2015 videtur,

493 2085 672 2155 quae
719 2064 811 2186 ol.
867 2066 970 2136 42
1022 2065 1562 2139 adscribebatur
1666 2061 1912 2161 (Diog.
1965 2065 2053 2138 L.
2108 2068 2163 2138 1.
2213 2067 2261 2160 ξ
2314 2063 2441 2164 ’79)
2480 2063 2546 2162 ¹).
2614 2046 2840 2155 jHinc
2920 2067 3165 2138 cetera

493 2202 731 2274 omnia
783 2208 1186 2306 computata
1254 2209 1458 2279 sunt:
1517 2202 1904 2278 secundum
1973 2201 2326 2276 Pittacum
2382 2201 2697 2278 Alcaeus
2778 2221 2917 2291 quo
3000 2219 3156 2274 cum

493 2340 695 2413 illum
748 2362 897 2413 rem
945 2341 1280 2415 habuisse
1331 2363 1536 2415 nemo
1591 2309 2014 2434 nesciebat,
2034 2341 2108 2412 in
2164 2340 2459 2413 eandem
2526 2339 2995 2433 olympiadem
3058 2359 3165 2410 re·

494 2476 682 2550 latus
738 2483 851 2552 est
903 2487 996 2567 et,
1054 2500 1234 2570 quae
1275 2500 1429 2555 cum
1471 2481 1603 2555 hoc
1641 2485 1797 2555 arte
1831 2485 1990 2553 erat
2035 2480 2441 2572 coniuncta,
2494 2477 2809 2572 Sappho.
2888 2475 3159 2575 (Strab.
3276 2568 3283 2577 ⁹
3407 2535 3421 2559 ,

494 2639 566 2708 p.
622 2615 794 2688 61¹7.
905 2615 1109 2710 Sum.
1167 2641 1224 2691 s.
1278 2640 1342 2694 v.
1390 2615 1715 2716 Σαπφώ.)
1750 2603 1844 2713 2').
1957 2617 2117 2694 Hoc
2160 2619 2333 2691 mihi
2388 2618 2613 2692 multo
2662 2619 2815 2690 veri
2857 2616 3161 2690 similius

487 2754 771 2828 videtur
832 2776 1014 2848 esse,
1092 2778 1330 2874 quam‘
1352 2757 1426 2829 id
1481 2759 1671 2848 quod
1721 2755 2123 2832 Rohdius
2176 2758 2228 2838 l.
2293 2755 2342 2828 l.
2405 2779 2475 2849 p.
2532 2756 2680 2829 217
2740 2755 3040 2846 sumpsit
3076 2749 3161 2854 3),
3278 2779 3287 2791 ·
3364 2717 3439 2792 3⁸

491 3170 534 3250 ξ
564 3168 670 3249 ἿΔ,
719 3166 788 3233 id
839 3168 973 3251 qud
1019 3169 1192 3233 iusto
1233 3168 1381 3232 iure
1414 3169 1667 3251 recepit
1696 3174 1765 3233 et
1795 3169 2269 3252 Bernhardyus
2300 3173 2367 3234 et
2397 3168 2769 3233 Bekkerus.
2847 3168 2931 3231 At
2974 3166 3165 3231 dubi·

495 3257 618 3319 tari
665 3261 884 3337 potest
927 3273 1012 3318 an
1061 3254 1191 3319 hac
1237 3257 1625 3319 coniectura
1691 3274 1796 3320 res
1863 3256 2173 3320 absoluta
2240 3257 2347 3320 sit.
2439 3256 2667 3319 Movet
2710 3253 3164 3337 suspicionem

497 3340 607 3406 vel
634 3339 946 3423 alterum,
982 3340 1162 3424 quod
1197 3340 1438 3405 Suidas
1471 3343 1711 3423 affert,¹
1740 3342 1982 3406 Pittaci
2011 3344 2222 3425 patris
2266 3358 2515 3406 nomen
2552 3339 2809 3421 Καικός,
2852 3342 3165 3406 omnibus

495 3428 732 3493 ceteris
779 3428 1216 3512 scriptoribus
1260 3445 1534 3512 prorsus
1579 3428 1912 3510 ignotum.
2004 3428 2335 3494 Referunt
2370 3428 2792 3536 grammatici
2833 3428 3165 3491 Pittacum

480 3512 832 3597 ‘Yppa‘daeov
875 3522 1188 3578 vocatum
1235 3533 1381 3579 esse
1429 3514 1853 3594 (Bacbmann
1902 3514 2033 3583 An.
2079 3515 2133 3595 Ι,
2185 3536 2245 3599 p.
2298 3516 2463 3578 426.
2512 3512 2577 3595 ἐξ
2623 3509 2692 3577 οὗ
2721 3509 2753 3578 ὃ
2782 3515 3163 3587 Πιττακός..

478 3599 730 3683 ιΥρροι
753 3602 920 3677 διος
961 3594 1213 3684 ἐκλήθη)
1259 3600 1439 3683 quod
1471 3618 1718 3665 nomen
1751 3602 1928 3685 apud
1960 3602 2371 3685 Hesychium
2405 3618 2573 3665 voce
2620 3600 2911 3675 εἰκαῖος
2952 3600 3165 3683 expli·
3228 3622 3235 3629 ·

492 3694 701 3752 catur.
749 3688 925 3751 Fieri
971 3694 1212 3771 potest
1265 3692 1336 3751 ut
1379 3687 1509 3751 hoc
1540 3688 1787 3752 Suidae
1830 3686 1941 3752 vel
1991 3690 2135 3753 eius
2183 3688 2439 3752 auctori
2474 3687 2881 3752 confusionis
2928 3705 3161 3758 ansam

498 3775 909 3879 praebuerit,
960 3794 1112 3838 cum
1177 3774 1520 3837 hominem
1557 3774 1868 3839 hebetem
1901 3778 1968 3839 et
1994 3754 2275 3839 stultitia
2305 3773 2627 3837 Suidiana
2659 3771 3034 3856 praeditum
3083 3792 3171 3837 ex

491 3856 586 3922 v‘o
555 3862 619 3935 ὃς
649 3857 990 3966 ‘Yppadlov
1055 3860 1265 3941 (quod
1336 3861 1505 3924 forte
1550 3860 1790 3945 aliquis
1850 3862 2081 3925 addito
2126 3860 2509 3925 EIKAIOY
2547 3859 3030 3942 explicaverat)
3080 3862 3170 3923 se·

496 3946 668 4010 cisse
710 3942 836 4021 υἱός
867 3944 1211 4033 ‘Yppadlov
1254 3946 1674 4011 HKAIKOY
1706 3948 1858 4031 (qui
1907 3948 2072 4012 ordo
2128 3948 2487 4011 verborum
2556 3952 2789 4029 postea
2855 3945 3171 4010 facillime

493 4033 707 4115 potuit
748 4033 1124 4111 immutari)
1172 4051 1213 4094 a
1257 4033 1732 4115 probabilitate
1777 4054 1910 4099 non
1966 4036 2344 4099 abhorreat.

702 4116 771 4200 1)
864 4123 1214 4200 Quaenam
1263 4120 1412 4202 ipsa
1457 4137 1540 4182 ea
1582 4138 1686 4183 res
1732 4122 1956 4199 fuerit,
2009 4140 2093 4185 ex
2141 4138 2276 4202 qua
2320 4119 2555 4182 Pittaci
2601 4124 2890 4183 aetatem
2939 4118 3171 4181 defini·

499 4210 766 4286 verunt,
821 4204 1135 4269 extricari
1182 4206 1318 4268 iam
1364 4223 1496 4269 non
1545 4211 1788 4288 potest.
1879 4208 1947 4270 Si
1994 4212 2247 4271 rectum
2296 4212 2418 4287 est,
2470 4203 2648 4288 quod
2693 4206 2870 4287 apud
2896 4205 3172 4269 Suidam

501 4290 772 4372 legitur,
809 4290 874 4353 M
895 4289 1239 4355 elenchi·
1264 4310 1387 4354 um
1422 4296 1782 4372 tyrannum
1816 4292 1900 4357 ol.
1932 4294 2016 4357 42
2047 4312 2086 4357 a
2117 4292 2371 4356 Pittaco
2403 4309 2552 4355 esse
2581 4308 2995 4374 oppressum,
3046 4292 3176 4355 for·

500 4382 677 4441 tasse
723 4378 941 4481 ipsum
988 4380 1118 4442 hoc
1147 4378 1386 4441 Pittaci
1431 4378 1694 4443 facinus
1743 4398 1978 4443 ansam
2027 4377 2213 4442 dedit
2256 4378 2341 4442 ad
2387 4376 2569 4441 illam
2608 4378 3169 4442 terminationem.

499 4462 628 4527 Sed
675 4466 998 4528 nimirum
1045 4466 1202 4529 huic
1249 4464 1345 4528 rei
1392 4484 1524 4528 non
1575 4464 1857 4528 multum
1909 4466 2154 4531 tribuo.

697 4552 766 4631 2)
853 4550 927 4613 Id
1001 4550 1177 4633 quod
1227 4550 1406 4633 apud
1454 4551 1822 4616 Eusebium
1873 4553 2193 4636 scriptum
2245 4556 2369 4630 est,
2420 4556 2485 4613 et
2532 4550 2854 4616 Alcaeum
2904 4556 2968 4616 et
3012 4550 3172 4631 Sap-

499 4635 794 4717 phonem
867 4635 958 4700 ol.
1010 4638 1116 4719 46,
1166 4638 1208 4699 2
1255 4636 1581 4720 floruisse,
1647 4657 1732 4702 ex
1782 4638 2158 4722 Sapphonis
2204 4639 2362 4720 fuga
2406 4638 2681 4702 ductum
2728 4655 2877 4702 esse
2922 4638 3043 4717 (M.
3092 4637 3168 4701 Ρ.

501 4740 606 4804 ep.
659 4722 768 4803 36)
813 4722 980 4785 satis
1027 4725 1331 4805 probavit
1376 4722 1546 4788 Sch
1582 4742 1752 4789 oen
1780 4727 1801 4788 i
1829 4746 1870 4789 u
1898 4745 1928 4789 s
1987 4725 2218 4807 Symb.
2272 4744 2337 4807 p.
2392 4723 2516 4786 758
2563 4730 2626 4787 et
2673 4724 2821 4807 ¹759,
2872 4743 2998 4788 nec·
3042 4723 3174 4788 dis·

497 4808 696 4871 sentit
739 4806 826 4872 ab
874 4824 954 4871 eo
1001 4807 1523 4874 Rohdiusl.
1574 4809 1618 4873 l.
1667 4833 1730 4895 p.
1783 4810 1932 4875 218.

707 4894 776 4971 3)
865 4892 1190 4960 Rationes
1267 4895 1662 4963 Rohdianas
1754 4916 1972 4981 nuper
2063 4898 2319 4981 recepit
2386 4897 2587 4961 etiam
2668 4894 3175 4961 Busoltius

504 4976 620 5043 Gr.
672 4978 753 5043 G.
805 4979 948 5063 Ip.
1000 4981 1349 5046 513Adn.
1399 4982 1461 5048 6.
