4057 5790
1959 550 2475 618 -44-....

874 789 1008 864 hac
1049 787 1417 863 Plutarchi
1459 793 1856 883 temporum
1909 788 2389 880 descriptione
2436 789 2647 862 etiam
2692 788 2872 862 illud
2922 789 3009 862 de
3039 786 3427 864 Salaminis
3472 795 3549 863 et

876 925 1188 1000 Nisaeae
1239 927 1518 1003 iactura
1567 928 2053 1001 testimonium
2107 927 2609 1001 illustrandum
2662 934 2797 1002 est.
2878 927 3356 1002 Athenienses
3384 933 3551 1021 post

874 1063 1603 1141 Lacedaemoniorum
1683 1049 2057 1140 arhitrium
2142 1071 2219 1138 et
2270 1064 2636 1143 Salamina
2716 1063 3022 1138 insulam
3085 1071 3158 1140 et
3208 1063 3547 1140 Nisaeum

873 1209 1156 1297 portum
1213 1205 1558 1298 amisisse,
1613 1225 1731 1278 res
1785 1203 2003 1296 plane
2060 1203 2384 1277 inaudita
2433 1210 2510 1276 et
2562 1202 2874 1276 absurda
2908 1209 3039 1277 est.
3122 1201 3547 1280 Rectissime

767 1395 810 1416 ,.
872 1342 1098 1433 igitur
1146 1339 1535 1430 Numina,
1593 1364 1749 1418 cum
1805 1343 1892 1415 de
1945 1343 2313 1434 superiore
2360 1340 2729 1415 Plutarchi
2775 1342 3185 1416 narratione
3238 1341 3550 1438 disputa-

874 1485 1011 1573 ret,
1062 1479 1239 1554 haec
1290 1480 1657 1554 adnotavit
1703 1480 1833 1554 1.l.
1865 1502 1934 1572 p.
1963 1481 2102 1554 23:
2165 1478 2500 1574 ‚Freilich
2546 1479 2911 1553 erwaehnt
2945 1477 3293 1556 Plutarch
3340 1481 3547 1556 nach-

871 1617 1006 1690 her
1056 1616 1196 1691 den
1244 1616 1547 1692 Verlust
1597 1639 1736 1691 von
1795 1615 2123 1693 Salamis.
2231 1617 2385 1692 Das
2439 1618 2647 1691 riihrt
2682 1638 2827 1690 nun
2866 1617 3039 1692 aber
3078 1615 3396 1692 offenbar
3432 1619 3547 1693 da-

871 1753 1044 1852 her,
1111 1755 1278 1832 dass
1341 1757 1458 1829 die
1510 1757 1959 1848 Anordnung
2017 1757 2258 1831 seiner
2304 1755 2763 1848 Erzaehlung
2824 1756 2957 1829 der
3008 1755 3362 1848 Zeitfolge
3419 1758 3549 1834 det

871 1895 1283 1970 erzaehlten
1336 1893 1920 1986 Begebenheiteu
1994 1893 2189 1968 nicht
2242 1895 2645 1986 entspricht
2726 1895 2871 1967 und
2940 1894 3055 1969 die
3106 1891 3547 1986 Ereignisse‚

873 2055 964 2108 an
1043 2033 1158 2107 die
1211 2034 1410 2107 disse
1463 2031 1681 2107 Notiz
1759 2055 1918 2108 vom
1979 2033 2287 2110 Verlust
2347 2055 2483 2108 von
2538 2031 2843 2110 Salamis
2926 2031 3371 2128 angeknupft
3444 2035 3543 2106 ist

870 2170 939 2246 d.
992 2171 1064 2245 h.
1115 2173 1230 2247 die
1286 2169 1640 2248 Unruhen
1697 2173 1872 2246 nach
1919 2171 2081 2244 dem
2128 2170 2619 2266 Kylonischen
2666 2170 2951 2266 Frevel,
3031 2191 3161 2246 vor
3241 2171 3357 2244 die
3415 2173 3547 2244 Er-

870 2310 1230 2402 zaehlung
1253 2332 1392 2384 von
1421 2308 1726 2384 Salamis
1763 2309 2194 2408 Eroberung
2226 2311 2519 2384 haetten
2549 2309 2843 2402 gestellt
2871 2313 3155 2384 werden
3198 2309 3547 2382 missen}

867 2446 971 2542 Et
1047 2449 1291 2541 paullo
1368 2446 1584 2522 infra:
1687 2445 2020 2543 ,Salamis
2078 2449 2319 2524 wurde
2390 2456 2541 2522 erst
2585 2448 2770 2522 nach
2821 2450 2949 2522 der
2998 2447 3551 2542 Gesetzgebung

872 2583 1134 2662 Solous
1185 2585 1476 2660 erobert
1527 2586 1669 2661 und
1717 2589 1887 2682 jene
1941 2584 2161 2660 Notiz
2222 2609 2373 2661 vom
2426 2587 2771 2661 Verluste
2817 2588 2949 2661 der
2998 2588 3189 2662 Insel
3248 2587 3547 2678 gehoert

869 2723 943 2798 in
1000 2724 1117 2799 die
1151 2725 1317 2799 Zeit
1358 2725 1649 2798 vorher:
1717 2747 1792 2798 es
1848 2727 1945 2799 ist
1997 2724 2223 2798 daher
2278 2727 2481 2801 nicht
2530 2749 2618 2799 zu
2675 2728 3166 2814 verwundern,
3224 2728 3389 2802 dass
3432 2727 3549 2800 die

868 2861 1330 2957 Erzaehlung
1357 2885 1494 2938 von
1527 2864 1654 2937 der
1684 2863 2387 2958 Wiedereroberung
2416 2866 2907 2941 unterbleibt.‘
2966 2863 3548 2941 Commodissime

867 3001 992 3075 ille
1043 3002 1350 3093 quidem.
1451 3005 1784 3078 Attamen
1840 3003 1976 3079 hac
2034 3004 2502 3095 explicatione
2564 3025 2679 3079 res
2734 3024 3179 3096 nequaquam
3230 3003 3547 3081 confecto.

870 3144 1002 3215 est.
1077 3138 1264 3214 Nam
1298 3138 1408 3217 fac
1444 3139 1906 3217 Plutarchum
1943 3143 2523 3238 perturbationes
2561 3141 3004 3237 Cylonias
3057 3149 3341 3219 servato
3376 3148 3551 3219 tem·

868 3299 1118 3372 porum
1176 3279 1424 3352 ordine
1476 3280 1668 3354 bello
1705 3278 2095 3357 Salaminio
2148 3284 2629 3375 praemisisse,
2677 3280 2986 3357 Nisaeae
3042 3288 3119 3355 et
3165 3278 3548 3355 Salaminis

868 3416 1010 3491 ista
1063 3419 1632 3492 commemoratio
1712 3419 1903 3493 haud
1976 3420 2323 3493 minorem
2388 3420 2695 3513 praebet
2746 3420 3225 3494 offensionem.
3336 3416 3549 3509 Fingi

873 3556 1056 3630 enim
1115 3555 1402 3630 omnino
1455 3558 1739 3648 nequit,
1794 3554 2285 3631 Athenienses
2338 3558 2425 3630 iis
2480 3558 2942 3650 temporibnS‚
3000 3558 3256 3648 quibus
3312 3557 3554 3632 civita-

867 3694 962 3769 tis
1008 3716 1178 3786 opes
1229 3695 1528 3769 maxime
1579 3692 2041 3771 labefactatas
2094 3695 2311 3769 fuisse
2362 3702 2663 3790 constat,
2722 3718 2865 3769 non
2917 3695 3123 3769 modo
3180 3694 3547 3770 Salami—
3673 3725 3681 3734 ,

868 3854 915 3906 n
933 3850 974 3905 e
989 3853 1058 3905 m
1094 3832 1422 3927 insulam,
1463 3855 1704 3907 verum
1747 3835 1960 3907 etiam
1989 3834 2305 3927 ipsorum
2336 3833 2794 3926 Megarorum
2821 3840 3103 3928 portum
3133 3832 3205 3908 N
3224 3836 3293 3907 is
3312 3856 3355 3908 a
3370 3856 3411 3907 e
3428 3856 3547 3908 am

868 3972 1227 4063 praesidio
1290 3972 1636 4065 tenuisse,
1692 3993 1849 4047 cum
1903 3973 2147 4046 eodem
2211 3979 2531 4064 tempore
2569 3972 3035 4064 Megarenses
3090 3974 3210 4046 'Ph
3228 3992 3431 4063 eage
3449 3993 3553 4045 ne

865 4350 1040 4417 ratio
1085 4350 1362 4415 omnino
1410 4348 1776 4413 admodum
1824 4354 1925 4413 est
1973 4350 2344 4433 depravata
2369 4347 2589 4429 (velut
2618 4348 2736 4413 illa
2781 4348 3128 4437 ἀριστίνδην
3175 4345 3555 4425 δικαζόντων

866 4436 2119 4588 P³⁸⁸¹⁰¹301222¹31152⁰31⁰⁰ss0t⁰⁰“¹033512⁰
2134 4436 2342 4586 Ἦὲηῗ
2358 4434 2601 4586 ’ἓαξῖἐ
2621 4437 2781 4587 ἷξῗὲ,
2800 4432 3283 4587 ...imm
3330 4436 3549 4585 insi?

867 4542 1203 4678 &ernegum
1254 4609 1395 4673 dux
1441 4572 1720 4692 adparet
1763 4542 1967 4690 (glut.
2002 4607 2139 4673 Sol.
2181 4607 2317 4689 11),
2353 4626 2503 4672 cum
2552 4610 2607 4672 is
2656 4609 2784 4673 hoo
2815 4610 3214 4689 magistratu
3260 4613 3413 4689 post
3444 4607 3531 4672 ol.

869 4698 975 4778 46,
1028 4698 1068 4760 3
1099 4723 1186 4752 =
1218 4696 1341 4761 594
1376 4694 1650 4759 demum
1709 4698 1975 4760 functus
2045 4712 2195 4759 esse
2248 4697 2477 4777 possit.
2525 4730 2613 4745 —
2661 4696 2853 4777 Quae
2902 4696 3541 4777 Begemannus,

871 4782 1148 4867 Quaest.
1203 4781 1342 4847 Sol.
1377 4780 1455 4847 II
1501 4801 1563 4864 p.
1611 4782 1760 4865 859,
1856 4778 2431 4845 Meinholdius
2488 4781 2533 4845 l.
2579 4780 2626 4845 l.
2672 4802 2736 4865 p.
2774 4780 2879 4862 14,
2974 4781 3269 4844 Petere
3298 4782 3549 4845 euius

869 4869 915 4935 1.
951 4870 997 4933 l.
1031 4890 1092 4953 p.
1128 4870 1254 4933 105
1287 4868 1373 4933 de
1416 4868 1545 4933 hoc
1584 4868 1924 4934 Plutarchi
1967 4866 2121 4931 loco
2168 4872 2623 4951 exposuerunt
2674 4866 2845 4932 adeo
2891 4872 2959 4933 et
3010 4868 3289 4933 confusa
3332 4872 3401 4931 et
3449 4868 3549 4930 sn·

872 4954 1016 5021 tilia
1066 4959 1242 5039 sunt,
1294 4959 1367 5018 ut
1411 4951 1668 5020 diluere
1716 4974 1799 5019 ea
1844 4956 1958 5018 vix
2006 4969 2251 5037 operae
2296 4955 2377 5019 sit
2423 4958 2737 5037 pretium.
