4057 5790
1979 553 2491 623 ...50-

899 813 1146 868 tenses
1202 792 1291 866 de
1343 791 1581 868 insula
1624 794 1754 868 illa
1805 790 2215 870 dimicatum
2261 816 2421 871 esse
2472 795 2895 887 accepimus,
3003 793 3147 868 Sed
3174 793 3572 871 Athenien·

900 951 1016 1004 ses
1071 929 1340 1004 frustra
1393 932 1806 1022 sanguinem
1859 930 2349 1026 profuderunt.
2460 930 2635 1008 Sine
2690 934 2905 1008 dubio
2940 932 3405 1024 Megarenses
3438 931 3569 1004 hac

897 1073 1131 1142 aetate
1185 1067 1674 1144 Athenienses
1743 1074 1818 1142 et
1887 1071 1958 1143 vi
2009 1077 2083 1144 et
2134 1073 2386 1166 opibus
2440 1071 2652 1164 longe
2709 1073 3168 1164 superabant.
3204 1069 3255 1161 ¹)
3360 1069 3561 1144 Gom-

896 1211 1116 1298 paret
1157 1205 1288 1280 hoc
1319 1206 1902 1280 luculentissime
1953 1229 2041 1282 ex
2094 1210 2459 1304 praeclara
2512 1232 2715 1303 quam
2773 1231 3000 1302 nuper
3062 1208 3564 1293 Koehlerus

897 1344 1320 1436 conscripsit
1395 1346 1481 1418 de
1561 1343 1848 1420 Solonis
1916 1367 2361 1420 nummorum
2424 1347 2905 1422 cudendorum
2986 1349 3175 1422 curis
3241 1348 3569 1438 disquisi-

795 1455 802 1464 ’
865 1463 1090 1554 'tione
1145 1470 1421 1586 (Mitth.
1476 1484 1544 1554 X
1597 1505 1666 1574 p.
1724 1483 1872 1556 154
1931 1482 2090 1574 sq.).
2210 1485 2447 1560 Testis
2500 1485 3033 1578 Megarensium
3110 1486 3560 1562 victoriarum

893 1619 1248 1694 navalium
1301 1623 1512 1697 etiam
1569 1628 1880 1698 rostrum
1933 1623 2114 1697 illud
2180 1625 2380 1696 navis
2434 1623 2721 1698 Atticae
2776 1630 2913 1718 est,
2996 1623 3182 1714 quod
3262 1624 3568 1716 posteris

887 1759 1330 1852 temporibus
1407 1759 1728 1852 Megaris
1805 1764 1878 1836 in
1951 1762 2219 1855 templo
2298 1762 2484 1836 Iovis
2563 1761 3115 1836 conservabatur
3210 1759 3452 1852 (PauS.
3506 1762 3559 1832 Ι.

886 1898 1008 1990 40,
1063 1893 1160 1994 4).
1293 1896 1414 1974 Ad
1495 1900 1670 1974 haec
1745 1907 2065 1994 tempora
2119 1899 2673 1976 Atheniensium
2750 1900 2868 1974 lex
2944 1905 3343 1992 revocatur,
3424 1919 3565 1989 qua

879 2057 972 2108 ne
1025 2036 1114 2108 ad
1167 2037 1508 2131 populum
1560 2039 1649 2112 de
1699 2037 2061 2114 Salamine
2116 2039 2593 2134 expugnanda
2623 2038 3041 2114 referretur
3077 2034 3560 2128 cavebatur.²)

894 2169 1252 2248 Cohaeret
1333 2193 1486 2249 cum
1562 2177 1692 2252 hac
1775 2179 1934 2270 lege
2007 2178 2383 2252 tritissima
2452 2177 2579 2250 illa
2646 2178 2735 2250 de
2789 2175 3075 2252 Selenis
3144 2176 3565 2252 recitatione

890 2312 1232 2386 narratio.
1469 2401 1476 2407 .
2615 2275 2629 2288 κ

1097 2449 1419 2544 Quarum
1492 2473 1770 2546 rerum,
1852 2454 2113 2545 quippe
2192 2474 2373 2543 quae
2448 2475 2494 2526 a
2576 2453 2749 2528 satis
2816 2454 3030 2528 certis
3102 2451 3567 2545 scriptoribus

893 2586 1155 2662 allatae
1238 2591 1384 2662 sint
1469 2592 1672 2665 multi
1735 2613 1821 2668 ex
1867 2592 2389 2666 recentioribus
2444 2593 2761 2666 vindices
2818 2593 3274 2666 exstiterunt.
3292 2588 3355 2688 3)
3460 2587 3567 2664 At

892 2749 1134 2802 omnes
1222 2729 1391 2804 illae
1485 2731 1934 2806 narrationes
2023 2753 2113 2804 ex
2193 2731 2369 2839 ipsis
2448 2727 2799 2804 Soloneae
2884 2730 3155 2822 elegiae
3240 2729 3567 2803 versibus
3688 2821 3709 2842 .

889 2867 1250 2942 derivatae
1308 2873 1382 2942 et
1431 2868 1772 2945 confictae
1829 2877 2016 2944 sunt.
2104 2867 2319 2965 Apud
2376 2867 2910 2962 Diogenem,
2975 2869 3097 2961 qui
3144 2868 3563 2943 absurdissi-

887 3027 1072 3079 mam
1141 3007 1340 3081 illius
1420 3006 1741 3083 fabulae·
1782 3007 2075 3083 formam
2129 3008 2463 3101 servavit,
2544 3007 2674 3082 hoc
2726 3008 2957 3100 ipsum
3010 3008 3120 3080 vel
3170 3007 3556 3081 clarissime

891 3141 1228 3241 elucet.⁴)
1285 3144 1393 3220 Ac
1430 3147 1712 3221 laborat
1763 3149 1974 3220 etiam
2031 3148 2334 3238 elegia
2387 3148 2543 3239 ipsa
2593 3146 2785 3220 haud
2837 3147 3075 3242 parvis
3128 3145 3559 3221 difficultati-

889 3285 1048 3380 buS,
1106 3307 1278 3377 quas
1327 3287 1677 3379 copiosius
1731 3292 2169 3381 pertractare
2222 3286 2433 3359 huius
2470 3284 2611 3360 loci
2647 3306 2785 3359 non
2830 3290 2958 3357 est.
2988 3281 3091 3381 5)-
3139 3282 3294 3360 Nec
3332 3285 3558 3376 magis

890 3476 996 3485 —-

1092 3593 1160 3671 1)
1208 3592 1732 3676 H.Droysen‚
1789 3594 2008 3657 Athen
2059 3614 2119 3656 u.
2160 3592 2228 3656 d.
2266 3591 2566 3656 Westen.
2633 3590 2855 3655 Berlin
2906 3588 3075 3656 1882
3118 3611 3183 3671 p.
3226 3591 3311 3653 42
3364 3590 3557 3653 Athe-

889 3680 1162 3745 nienses
1203 3681 1308 3744 his
1354 3681 1770 3764 temporibus
1819 3682 2020 3744 etiam
2069 3681 2477 3743 frumentum
2523 3697 2721 3741 suum
2768 3696 2809 3741 a
2852 3676 3361 3760 Megarensibus
3408 3694 3556 3741 coe-

888 3767 1094 3833 misse
1139 3766 1488 3850 probabile
1532 3767 1710 3833 fecit.

1086 3870 1164 3950 2)
1209 3870 1560 3937 Demosth.
1603 3894 1672 3935 π.
1727 3892 2018 3956 παραπρ.
2062 3871 2105 3949 ξ
2146 3870 2294 3936 252.
2378 3865 2642 3934 Philod.
2688 3868 2772 3931 de
2816 3886 2987 3933 mus.
3033 3866 3188 3948 XX,
3240 3865 3343 3931 18.
3420 3864 3560 3931 Cic.

885 3957 974 4021 de
1017 3957 1130 4023 off.
1174 3954 1230 4021 Ι.
1277 3957 1385 4038 30,
1435 3958 1538 4023 12.
1625 3958 1851 4021 Front.
1901 3956 2103 4023 Sti-at.
2144 3956 2269 4021 IV.
2320 3954 2379 4031 7,
2425 3956 2531 4018 44.
2628 3954 2943 4037 Polyaen.
2997 3954 3061 4038 Ι,
3119 3956 3224 4018 20.
3318 3952 3555 4019 lustin.

882 4041 983 4127 11,
1019 4042 1078 4107 ¹7.
1171 4042 1342 4109 Plut.
1389 4043 1533 4108 Pol.
1579 4044 1642 4110 8.
1728 4044 1924 4124 Diog.
1971 4042 2045 4109 L.
2094 4042 2133 4107 I
2175 4044 2217 4123 ξ
2262 4043 2347 4105 46
2392 4040 2505 4103 alii
2552 4041 2859 4104 seriores.

1086 4146 1156 4231 3)
1203 4146 1553 4213 Curtius
1593 4146 1706 4213 Gr.
1741 4146 1819 4211 G.
1853 4142 2007 4230 Pp.
2048 4147 2195 4212 309.
2264 4144 2774 4209 Dunckerus
2814 4142 2891 4207 G.
2920 4142 2986 4208 d.
3032 4145 3109 4208 A.
3144 4138 3271 4207 v1⁶
3298 4162 3364 4227 p.
3410 4140 3552 4207 136.

883 4236 1033 4305 144.
1126 4234 1665 4299 Grundnerus
1713 4233 1758 4297 l.
1808 4232 1853 4298 l.
1897 4254 1962 4317 p.
2011 4235 2073 4299 6.
2188 4232 2661 4295 Bohrenius
2707 4231 2753 4295 l.
2804 4230 2850 4293 1.
2896 4250 2961 4315 p.
3014 4229 3163 4293 144.
3283 4228 3551 4310 Bege-

882 4340 1224 4385 mannus
1269 4322 1349 4404 Q.
1377 4320 1508 4387 Sol.
1535 4318 1630 4387 Π.
1661 4340 1723 4405 p.
1750 4320 1900 4403 bsq.
1995 4318 2467 4400 Bergk-Hin
2491 4318 2754 4397 riche,
2806 4316 2924 4379 Gr.
2954 4316 3077 4379 Lit.
3106 4314 3187 4379 G.
3216 4312 3378 4398 Hp.
3408 4314 3559 4381 268.

879 4406 1105 4472 Laud
1129 4410 1302 4471 weh
1332 4429 1399 4487 r,
1453 4406 1692 4473 Philol.
1748 4406 1812 4468 S.
1869 4406 1942 4469 B.
1985 4406 2036 4467 V
2073 4403 2297 4489 (1884)
2344 4424 2410 4488 p.
2456 4404 2605 4469 174.
2697 4402 2983 4487 Flach‚
3036 4400 3281 4465 Gesch.
3333 4400 3396 4464 d.
3449 4420 3551 4481 gr.

883 4493 1151 4577 Lyr.II,
1200 4494 1428 4571 (1884)
1476 4514 1539 4579 p.
1564 4494 1708 4558 363.
1773 4493 1820 4555 S·
1845 4498 1870 4557 t
1895 4512 1933 4555 e
1957 4498 1982 4555 t
2008 4497 2034 4555 t
2059 4494 2081 4555 i
2106 4514 2146 4555 n
2176 4511 2294 4571 er,
2344 4492 2447 4558 Ad
2479 4488 2614 4557 Sol.
2653 4495 2785 4553 aet.
2822 4492 3086 4572 quaest.
3124 4490 3263 4551 crit.
3289 4486 3550 4569 Regim.

882 4582 1054 4645 1885
1099 4602 1160 4664 p.
1197 4580 1300 4644 31.
1371 4580 1582 4645 Recte
1625 4580 1724 4642 rei
1767 4580 1964 4643 fidem
2015 4580 2547 4643 aestimaverunt
2588 4573 3156 4640 Meinholdius
3203 4574 3246 4641 l.
3289 4573 3334 4641 1.
3372 4594 3437 4654 p.
3476 4574 3559 4636 10

883 4672 950 4731 et
995 4665 1436 4731 Busoltius
1469 4665 1587 4729 Gr.
1623 4666 1707 4729 G.
1742 4665 1768 4729 Ι
1801 4686 1862 4749 p.
1901 4665 2051 4729 519.

1087 4770 1154 4853 4)
1197 4769 1228 4833 1
1261 4768 1441 4851 546.
1483 4770 2027 4835 Petersenius
2072 4768 2120 4831 1.
2158 4768 2199 4833 1.
2243 4769 2460 4851 p.102
2490 4766 2769 4852 quidem
2802 4766 3124 4847 Diogenis
3172 4764 3575 4849 narratione,

881 4858 1132 4941 optime
1148 4876 1287 4922 rem
1306 4854 1626 4921 illustrari
1643 4856 1854 4921 eredit
1871 4855 2152 4937 eiusque
2173 4857 2624 4924 testimonium
2646 4853 2958 4919 omnibus
2985 4849 3229 4917 ceteris'
3242 4850 3557 4934 praefert.

1088 4964 1161 5043 5)
1209 4960 1481 5026 Detexit
1527 4979 1641 5025 eas
1687 4962 1823 5025 iam
1870 4960 2223 5041 ingeniose
2273 4964 2345 5024 ut
2409 4958 2659 5025 assolet
2724 4956 3293 5035 Niebuhrius‚
3368 4954 3549 5018 Vorl.
3685 5048 3695 5051 -
