4057 5790
1989 527 2504 598 ..12-

905 767 1174 857 potitos
1233 788 1389 838 esse
1444 771 1746 858 constat,
1827 767 1899 838 in
1956 767 2293 839 orientali
2349 765 2733 840 Salaminis
2804 773 3034 862 parte,
3113 767 3205 839 ad
3257 766 3587 840 Athenas

907 903 1101 994 ipsas
1156 909 1523 996 vergente,
1579 926 1827 976 novam
1871 905 2115 976 urbem
2174 907 2607 978 exstruxisse
2662 906 2749 977 ab
2804 907 2993 978 omni
3044 904 3385 980 abhorret
3434 928 3591 998 pro·

911 1040 1308 1114 habilitate.
1353 1039 1398 1138 ¹)
1472 1040 1928 1132 Quapropter
1965 1040 2177 1115 huius
2216 1043 2417 1114 urbis
2456 1043 3017 1116 aedificationem
3074 1044 3146 1116 in
3187 1065 3274 1116 ea
3310 1043 3589 1116 demum

911 1182 1234 1270 tempora
1288 1179 1771 1254 differendam.
1811 1201 1993 1272 esse,
2046 1179 2303 1270 quibus
2357 1181 2594 1252 insula
2639 1181 2775 1252 iam
2818 1181 3359 1256 Atheniensium
3414 1183 3596 1256 facta

910 1325 1090 1414 erat,
1143 1325 1549 1396 necessario
1605 1326 1898 1414 cogitur.
2426 1403 2434 1409 ,

1105 1447 1368 1551 ¹Itaque
1421 1461 1551 1533 illa
1603 1468 1860 1546 aetate,
1920 1483 2059 1552 qua
2107 1464 2297 1534 inter
2333 1461 2821 1534 Athenienses
2865 1469 2939 1535 et
2976 1461 3445 1554 Megarenses
3503 1465 3589 1534 de

913 1598 1298 1673 Salaminis
1351 1603 1793 1692 proprietate
1850 1603 2286 1696 bellabatur,
2342 1603 2481 1674 nisi
2540 1604 2833 1692 antiqua
2885 1602 3027 1674 ista
3080 1602 3275 1680 urbs.
3331 1603 3403 1673 in
3462 1623 3593 1672 me·

916 1740 1204 1813 ridiano.
1242 1740 1520 1812 insulae
1579 1741 1717 1812 fine
1769 1741 1942 1834 sita,
2028 1741 2228 1814 nulla
2282 1744 2566 1815 omnino
2620 1740 2980 1815 Salamine
3061 1740 3279 1814 fuisse
3335 1747 3591 1832 potest.

1015 1895 1019 1899 ·
1123 1877 1284 1970 Qua
1337 1900 1414 1950 re
1471 1880 1856 1950 constituta
1908 1881 2047 1951 iam
2106 1880 2194 1952 ad
2252 1883 2733 1953 narrationem
2790 1885 3103 1953 nostram
3160 1881 3592 1954 accedamus.

913 2014 1169 2087 Refert
1215 2014 1773 2092 Plutarchus
1828 2017 2014 2110 (Sol.
2076 2020 2191 2100 9):
2238 2012 2475 2090 Ἄλλοι
2527 2018 2600 2089 δέ
2656 2043 2853 2115 φασιν
2901 2017 2977 2089 οὐ
3013 2025 3240 2089 τοῦτον
3292 2017 3401 2088 τὸν
3445 2015 3601 2115 τρό-

913 2180 1039 2226 πον
1142 2155 1452 2250 γενέσθαι
1554 2159 1673 2256 τὴν
1766 2157 2167 2255 κατάληψιν,
2288 2157 2461 2228 ἀλλὰ
2551 2212 2565 2227 .
2623 2213 2637 2227 .
2694 2213 2711 2228 .
2794 2155 3131 2256 (Σόλωνα)
3220 2142 3607 2250 ἀναχθέντα

919 2302 1194 2391 συχναῖς
1277 2295 1530 2366 ἁλιάσιν
1609 2297 1754 2392 ἅμα
1835 2299 2289 2395 τριακοντόρου
2366 2296 3029 2394 συμπαραπλεούσης
3098 2293 3601 2394 ὑφορμίσασθαι

919 2440 1008 2536 τῇ
1061 2437 1392 2533 Σαλαμῖνι
1435 2437 1624 2551 κατοὶΙ
1661 2437 1882 2534 χηλήν
1936 2462 2080 2507 τινα
2134 2437 2300 2534 πρὸς
2350 2438 2471 2534 τὴν
2526 2431 2815 2538 Εὔβοιαν
2874 2435 3409 2538 ἀποβλέπουσαν.
3465 2433 3609 2508 Πυ-

922 2576 1250 2670 θομένους
1305 2575 1378 2646 δὲ
1431 2575 1584 2652 τοὺς
1637 2577 1705 2647 ἐν
1743 2575 2074 2672 Σαλαμῖνι
2111 2571 2449 2674 Μεγαρεῖς
2489 2576 2561 2648 ἔκ
2596 2602 2764 2654 τινος
2804 2579 3037 2675 φήμης
3092 2575 3283 2648 οὐδὲν
3321 2575 3608 2676 βέβαιον,

923 2713 1165 2791 αὐτοὺς
1203 2713 1355 2809 ,μὲν
1411 2715 1502 2790 εἰς
1552 2713 1635 2784 τὰ
1689 2713 1870 2784 ὅπλα
1921 2713 2452 2813 θορυβουμένους
2503 2713 2813 2815 βαδίζειν,
2896 2721 3056 2786 ναῦν
3096 2709 3147 2786 δ’
3215 2709 3619 2787 ἀποστεῖλαι

926 2852 1514 2951 κατασκεψομένην
1577 2863 1710 2925 τῶν
1764 2854 2124 2949 πολεμίων·
2181 2856 2265 2952 ἧς
2319 2856 2513 2949 ἐγγὺς
2567 2853 2903 2953 ἐλθούσης
2956 2862 3284 2953 κρατῆσαι
3334 2855 3443 2925 τὸν
3482 2851 3613 2925 Σό-

929 2994 1118 3064 λωνα
1170 2994 1280 3064 καὶ
1333 2993 1678 3092 καθεῖρξαι
1754 2993 1904 3069 τοὺς
1958 2988 2317 3092 Μεγαρεῖς.
2390 2989 2793 3094 Ἰ-ἶμβιβάσαι
2868 2992 2942 3063 δὲ
3022 3002 3155 3065 τῶν
3220 2987 3613 3091 Ἀθηναίων

931 3130 1085 3209 τοὺς
1136 3136 1520 3229 κρατίστους
1571 3131 1982 3203 κελεύσαντα
2036 3133 2223 3204 πλεῖν
2293 3132 2402 3203 ἐπὶ
2455 3134 2574 3230 τὴν
2658 3131 2848 3203 πόλιν
2926 3136 3020 3207 ὡς
3100 3130 3177 3201 ἂν
3263 3131 3617 3230 ἐνδέχηται

928 3270 1225 3364 μάλιστα
1281 3272 1689 3369 κρύπτοντας
1747 3270 2045 3346 ἑαυτούς.
2119 3264 2318 3366 ’Ἅμα
2372 3271 2446 3342 δὲ
2497 3271 2646 3348 τοὺς
2702 3268 2948 3345 ἄλλους
2992 3263 3407 3367 Ἀθηναίους
3447 3268 3616 3339 ἀνα-

924 3408 1224 3509 λαβόντα
1279 3410 1460 3507 πεζῇ
1519 3406 1978 3507 συμφέρεσθαι
2035 3416 2167 3485 τοῖς
2224 3404 2634 3507 Μεγαρεῦσι·
2690 3410 2800 3479 καὶ
2866 3415 2986 3505 τῆς
3045 3409 3269 3505 μάχης
3320 3406 3413 3477 ἔτι
3466 3430 3621 3476 συν-

929 3551 1232 3645 εστώσης
1285 3548 1544 3645 φθάσαι
1592 3547 1742 3623 τοὺς
1793 3547 1925 3617 ἀπὸ
1980 3555 2104 3645 τῆς
2157 3550 2329 3624 νεὼς
2380 3546 2893 3647 καταλαβόντας
2944 3548 3061 3645 τὴν
3110 3544 3318 3617 πόλιν.
3376 3544 3626 3617 Verba

924 3686 1422 3786 ὑφορμίσασθαι
1501 3686 1588 3783 τῇ
1658 3682 1988 3780 Σαλαμῖνι
2065 3686 2235 3757 κατὰ
2312 3685 2533 3782 χηλήν
2602 3710 2745 3755 τινα
2816 3686 2981 3784 πρὸς
3060 3684 3179 3781 τὴν
3252 3678 3627 3784 Εὔβοιαν

925 3824 1439 3926 ἀποβλέπουσαν
1493 3824 1667 3898 ferri
1725 3826 2031 3915 nequire
2089 3828 2159 3897 in
2219 3846 2653 3917 quacumque
2710 3828 2988 3900 insulae
3039 3831 3241 3916 parte
3284 3824 3621 3899 Solonem

925 3986 1290 4056 egressum
1342 3987 1498 4037 esse
1545 3965 1924 4038 statuimus
1980 3942 2187 4038 nemo
2242 3988 2381 4037 non
2439 3965 2654 4037 videt.
2780 3962 2934 4037 Hoc
3000 3964 3205 4036 modo
3280 3985 3492 4055 quam
3549 3964 3621 4035 in

924 4110 1198 4194 partem
1250 4103 1399 4176 ulla
1455 4102 1836 4177 Salaminis
1893 4103 2166 4194 lingula
2214 4104 2660 4196 spectaverit,
2714 4104 3102 4195 significari
3145 4103 3431 4174 omnino
3482 4123 3621 4174 non

924 4249 1180 4335 potest.
1267 4239 1422 4317 Nec
1479 4246 1600 4333 qui
1647 4236 1936 4341 Εὔβοιαν
1991 4244 2063 4315 in
2117 4236 2426 4326 Νίσαιαν,
2483 4235 2783 4321 Μίνωαν,
2842 4234 3109 4333 Αἴγιναν
3165 4243 3631 4327 mutaverunt

924 4405 1073 4455 rem
1128 4383 1356 4474 ipsam
1411 4383 1835 4457 coniecturis
1892 4383 2040 4453 suis
2102 4385 2625 4472 promoverunt,
2712 4378 3040 4468 quoniam
3113 4377 3338 4450 locum
3394 4377 3616 4449 istum

927 4523 1332 4594 necessario
1413 4522 1502 4594 ad
1581 4508 1783 4594 oram
1839 4518 2149 4593 Atticam
2232 4517 2451 4591 fuisse
2534 4537 2982 4608 conversum,
3068 4520 3395 4606 apertum
3486 4520 3621 4586 est.

1137 4866 1207 4945 1)
1299 4865 1728 4946 Megarenses
1803 4867 1986 4929 eerte
2062 4863 2291 4926 urbem
2364 4860 2829 4927 condidissent
2894 4864 2962 4923 in
3036 4860 3263 4945 amplo
3336 4864 3403 4925 et
3467 4861 3631 4944 ipsis

930 4952 1237 5037 proximo
1285 4952 1434 5016 sinu
1472 4950 1780 5016 Koluri
1829 4952 1940 5033 qui
1993 4949 2195 5015 hodie
2239 4948 2448 5013 audit.
