4057 5790
1551 583 1673 618 -’
1749 566 1910 636 ,109
2017 603 2117 616 —-
2253 613 2259 622 -

499 808 842 906 ριζομένην
898 805 1076 902 ἔχων
1132 801 1459 906 ἀπέβαλε.
1573 801 1730 878 Hoc
1777 812 2097 896 tempore
2177 823 2339 875 eum
2390 801 2479 874 ad
2556 807 2887 874 externas
2961 821 3173 892 expu-
3260 783 3273 794 ’

491 946 872 1037 gnationes
921 967 1062 1018 non
1119 945 1439 1037 potuisse
1494 943 1861 1034 adspirare
1917 948 2243 1034 apertum
2280 945 2413 1013 est.
2503 937 2967 1012 Pisistratum
3003 945 3171 1012 tunc

499 1083 798 1176 imperio
867 1083 1222 1159 deiectum
1292 1083 1367 1154 in
1421 1082 1577 1176 ipsa
1641 1087 1844 1154 terra
1903 1079 2142 1154 Attica
2195 1079 2647 1170 remansisse,
2728 1065 2895 1149 in'de
2951 1075 3175 1149 cerni·

501 1228 644 1314 tur,
699 1221 887 1312 quod
919 1212 1437 1294 Herodotus
1482 1219 1558 1292 in
1595 1217 2059 1290 describendo
2116 1217 2347 1290 altero
2400 1218 2686 1309 tyranni
2740 1214 2951 1287 exilio
3000 1218 3173 1308 (quo

495 1357 854 1432 Eretriam
905 1379 982 1430 se
1037 1357 1336 1431 contulit
1387 1355 1547 1447 ille)
1627 1355 1986 1447 expressis
2049 1355 2286 1428 verbis
2345 1354 2624 1427 addidit
2699 1350 3173 1424 ἀπαλλάσσετο

502 1495 575 1566 ἐκ
621 1501 742 1592 τῆς
791 1496 1027 1592 χώρης
1075 1493 1162 1564 τὸ
1216 1492 1639 1590 παράπαν.
1747 1489 1900 1564 Nec
1975 1496 2200 1584 magis
2251 1490 2737 1584 Pisistratum,
2813 1512 2969 1567 cum
3049 1492 3175 1563 ite·
3284 1481 3305 1500 ’

498 1656 658 1707 rum
705 1634 1003 1725 imperio
1058 1633 1328 1724 potitus
1384 1640 1601 1724 esset,
1657 1630 1872 1703 rebus
1953 1633 2271 1705 externis
2324 1651 2619 1722 operam
2668 1629 2989 1722 potuisse
3046 1651 3173 1702 na·

407 1843 414 1854 .
503 1794 696 1858 vare,
771 1773 836 1844 si
897 1772 1238 1863 temporis
1310 1770 1678 1858 angustias
1755 1769 2351 1861 reputaverimus,
2434 1768 2831 1860 adparebit.
2922 1764 3178 1840 Refert

502 1911 692 1984 enim
745 1908 1156 1982 Herodotus
1215 1902 1292 2004 (Ι,
1347 1904 1472 2005 61)
1523 1907 1983 1981 Pisistratum
2034 1925 2189 1979 cum
2240 1905 2374 1979 Me
2396 1908 2681 1997 gaclis
2730 1907 2909 2000 filia,
2965 1928 3179 1999 quam

508 2049 584 2121 in
635 2048 1162 2122 matrimonium
1216 2046 1522 2134 duxerit,
1572 2047 1709 2119 rite
1744 2047 2222 2130 ‚concumbere
2276 2045 2616 2118 noluisse.
2725 2045 2999 2138 Quare
3060 2067 3181 2138 pa-

507 2184 768 2260 tefacta
820 2183 1214 2278 Megaclem
1289 2185 1624 2259 continuo
1697 2206 1853 2260 cum
1925 2186 2185 2259 ceteris
2240 2183 2669 2258 factionibus
2720 2185 2826 2256 'in
2882 2185 3179 2276 gratiam

508 2325 810 2398 rediisse
861 2321 1458 2414 Pisistratumque
1511 2333 1714 2396 terra
1767 2323 2009 2397 Attica
2058 2323 2499 2396 exturbasse.
2998 2326 3004 2334 ‘

711 2461 860 2533 lam
897 2461 1105 2534 venio
1141 2461 1231 2534 ad
1287 2459 1720 2556 Curtium,
1778 2463 1899 2553 qui
1944 2463 2124 2536 haec
2174 2463 2393 2535 habet
2449 2459 2584 2536 Gr.
2628 2459 2720 2534 Gr.
2759 2457 2833 2534 1⁵.
2884 2482 2955 2553 p.
2996 2461 3179 2534 349:

511 2576 716 2694 ,Dies
762 2597 1131 2690 Ereigniss
1186 2595 1647 2695 (Eroberung
1720 2597 2079 2697 Sigeums)
2159 2622 2349 2700 muss
2432 2599 2563 2672 der
2641 2605 2952 2672 ersten
3019 2579 3237 2672 Zeit'

511 2740 752 2812 seiner
807 2739 1160 2832 Tyrannis
1206 2739 1643 2833 angehoren,
1722 2740 1869 2814 und
1938 2739 2236 2813 deshalb
2302 2739 2399 2810 ist
2466 2759 2544 2810 es
2595 2737 2791 2811 nicht
2863 2736 3185 2810 unwahr-

511 2877 928 2971 scheinlich,
959 2877 1142 2951 ‘dass
1197 2899 1273 2951 es
1332 2878 1407 2950 in
1453 2879 1622 2971 jene
1675 2875 1904 2951 Jahre
1951 2875 2135 2963 faut,
2218 2899 2323 2951 wo
2371 2873 2796 2950 Pisistratos
2851 2898 2987 2948 von
3040 2873 3181 2949 Eu·

515 3018 681 3093 boia
740 3040 868 3091 aus
946 3020 1076 3090 mit
1127 3018 1376 3090 seinen
1428 3015 1740 3091 Schiffen
1806 3018 1950 3089 und
2001 2980 2523 3089 Freis²chaaren
2588 3014 2702 3085 die
2760 3014 3185 3089 nordlichen

515 3152 766 3225 Meere
825 3150 1261 3229 du1·chfuhr.‘
1340 3150 1784 3225 Pisistratus*
1823 3160 2224 3227 recesserat
2274 3151 2745 3225 Eretriam.
2848 3150 2987 3224 Hic
3024 3173 3184 3224 eum

521 3292 817 3366 consilio
873 3309 1026 3363 cum
1080 3290 1246 3393 filiis
1295 3290 1538 3362 habito
1615 3311 1745 3381 per
1799 3291 2107 3385 spatium
2156 3289 2394 3363 decem
2434 3310 2783 3361 annorum
2823 3289 2914 3361 ad
2950 3294 3183 3383 tyran·

521 3430 756 3503 nidem
811 3430 1120 3502 Athenis
1184 3430 1745 3520 recuperandam
1816 3430 2128 3521 undique
2222 3450 2391 3520 opes
2459 3427 2855 3518 conlegisse
2916 3425 3192 3500 Hero·

525 3569 797 3641 dotus
851 3570 1058 3641 testis
1115 3577 1248 3642 est.
1356 3570 1813 3644 Adiuvarunt
1865 3568 2323 3641 Pisistratum
2385 3588 2542 3642 cum
2604 3566 2733 3639 alii
2784 3576 2933 3638 tum
2988 3566 3192 3640 The·

521 3706 747 3779 bani
827 3708 1150 3799 pecunia,
1231 3708 1738 3781 mercennariis
1820 3706 2139 3798 Argivi
2219 3705 2841 3797 suppeditavitque
2935 3713 3187 3797 sponte

532 3843 1053 3939 LygdamiS,
1134 3844 1342 3917 homo
1397 3842 1693 3931 Naxiu8‚
1776 3850 1850 3916 et
1903 3846 2165 3918 milites
2212 3851 2286 3916 et
2339 3864 2509 3935 opes
2566 3841 2871 3939 (Herod.
2926 3842 2985 3917 I.
3039 3845 3187 3942 61).

523 3982 719 4075 Quos
796 4006 1039 4057 omnes
1122 3985 1624 4079 dominatipnis
1699 4003 2087 4080 paucorum
2164 3982 2384 4056 fuisse
2464 3982 2881 4073 studiOSOS,-
2926 3983 3187 4077 quippe

522 4144 819 4215 quorum
902 4124 1203 4231 maxime
1281 4122 1695 4234 interesset,
1769 4122 2232 4196 Pisistratum
2306 4142 2517 4212 quam
2592 4121 2897 4211 primum
2966 4120 3193 4194 Athe-

525 4281 652 4333 nas
732 4262 1022 4352 reverti,
1099 4262 1272 4334 satis
1356 4270 1904 4335 consentaneum
1986 4267 2119 4334 est.
2266 4259 2503 4330 Aliter
2570 4280 2914 4330 summum
2985 4258 3192 4353 illud,

525 4399 714 4489 quod
762 4399 1126 4491 praedicat
1174 4397 1618 4493 HerodotuS,
1699 4402 2081 4474 amicorum
2138 4398 2452 4471 studium
2503 4396 2851 4469 declarari
2906 4400 3190 4472 omnino

529 4538 797 4626 nequit.
909 4535 1058 4609 Iam
1119 4558 1289 4609 vero
1337 4538 1400 4609 si
1443 4536 1870 4610 Pisistratus
1919 4546 2071 4610 tum
2126 4537 2215 4610 ad
2269 4556 2528 4610 novum
2580 4536 2927 4626 quoddam
2979 4537 3199 4630 impe·-

523 4674 705 4747 rium
754 4674 828 4747 in
864 4674 1040 4747 Asia
1089 4676 1663 4748 constituendum
1715 4678 2183 4769 incubuisset,
2241 4696 2485 4749 omnes
2534 4673 2667 4747 hos
2718 4680 2864 4748 tam
2918 4696 3195 4770 promp-

524 4812 617 4883 tis
686 4813 936 4885 animis
1002 4814 1156 4887 eius
1225 4784 1542 4888 consilia¹
1591 4822 2097 4907 prosecuturos
2145 4813 2365 4887 fuisse
2446 4814 2561 4888 vel
2629 4820 2759 4905 per
2813 4836 2889 4887 se
2938 4810 3195 4910 parum

533 4950 682 5021 veri
740 4950 968 5023 simile
1034 4958 1166 5025 est.
1269 4949 1522 5042 Neque
1580 4955 1794 5025 etiam
1848 4952 2401 5026 Herodotum
2484 4953 2914 5043 scripturum
2974 4954 3195 5030 fuisse

2682 5090 2743 5141 78.
