4057 5790
1591 570 2113 644 -67-.

499 790 736 882 ipsum
787 791 864 864 id
915 800 1222 888 tempuS,
1277 794 1366 868 ad
1418 797 1607 885 quod
1659 797 2065 892 Phrynonis
2142 807 2441 874 mortem
2509 800 2927 874 referebant
2982 802 3177 875 chro-

499 931 846 1026 nographi
921 932 1221 1006 deducta
1291 956 1448 1008 esse
1505 937 1822 1030 videtur,
1900 958 2053 1012 cum
2125 913 2382 1014 multas
2458 960 2731 1030 pugnas
2804 941 3177 1030 variosque

497 1067 674 1140 belli
753 1088 958 1143 casus
1031 1072 1392 1163 singulare
1475 1075 1628 1147 eius
1708 1093 1861 1148 cum
1927 1075 2205 1150 Pittaco
2278 1083 2635 1152 certamen
2706 1079 3175 1152 antecessisse

497 1214 780 1281 veteres
833 1210 1221 1300 scriptores
1275 1213 1414 1303 ipsi
1469 1214 1876 1288 retulerint.
2005 1213 2336 1288 Certiora
2407 1237 2493 1288 ex
2560 1237 2804 1288 eorum
2862 1216 3177 1288 testimo-

499 1345 636 1418 niis
693 1347 1024 1419 extricari
1077 1370 1222 1421 non
1272 1359 1576 1441 possunt
1629 1375 1861 1444 neque
1909 1355 2067 1445 ipsa
2116 1355 2332 1447 haec,
2396 1376 2577 1444 quae
2643 1355 2911 1448 protuli
2965 1375 3172 1444 quam

494 1484 823 1598 ambigua
875 1487 1022 1558 sint
1071 1489 1346 1576 ignoro.
1441 1489 1898 1582 Quapropter
1955 1491 2150 1563 Dun
2172 1493 2319 1566 cke
2342 1495 2420 1564 ri
2480 1491 3064 1584 sententiamfflr.
3104 1491 3170 1566 d.

493 1620 590 1694 A.
648 1621 812 1696 V1⁵
867 1648 925 1716 p.
986 1625 1188 1722 134),
1253 1630 1372 1718 qui
1443 1629 2004 1732 Atheniensium,
2066 1628 2559 1706 deductionem
2631 1652 2787 1706 cum
2850 1629 3169 1724 Cyloniis

493 1762 1152 1850 perturbationibus
1209 1769 1360 1839 vult
1413 1769 1764 1860 coniungi,
1822 1789 1978 1843 cum
2033 1771 2119 1843 de
2178 1775 2544 1860 utriusque
2587 1771 2691 1842 rei
2728 1737 3177 1863 temporibus*

491 1897 669 1972 adeo
719 1901 899 1973 nihil
951 1911 1200 1976 notum
1255 1906 1374 1996 sit,
1431 1927 1662 1996 neque
1713 1909 2077 1998 probarim
2128 1927 2253 1980 nec
2306 1908 2724 1981 confutarim
2778 1903 2843 2002 ¹).
2940 1905 2957 1968 ἱ

695 2036 1042 2113 Refertur
1101 2043 1290 2136 apud
1365 2041 1912 2119 Herodotum
1981 2043 2107 2134 (V.
2173 2044 2297 2141 94)
2383 2048 2859 2120 Athenienses
2946 2045 3173 2117 vindi-

490 2175 835 2248 cationem
891 2199 1091 2251 suam
1147 2182 1361 2253 etiam
1433 2181 1614 2278 λόγῳ
1653 2184 2257 2274 comprobavisse.
2366 2184 2919 2256 Demonstrasse
2976 2185 3163 2256 enim

491 2333 639 2406 eOS,
696 2335 851 2388 cum
910 2318 1358 2408 Mytilenaeis
1413 2342 1660 2409 agrum
1717 2320 2003 2412 Sigeum
2054 2321 2371 2416 erepturi
2410 2327 2649 2393 essent
2686 2313 2874 2389 οὐδὲν
2912 2318 3163 2413 μᾶλλον

487 2445 794 2522 Αἰολεῦσι
841 2479 963 2546 με·-
942 2455 1146 2524 ..etv
1111 2455 1234 2551 τῆς
1277 2449 1556 2533 Ἰλιάδος
1608 2460 1844 2556 χώρης
1899 2449 1945 2555 ἦ
2001 2458 2079 2529 οὐ
2127 2459 2235 2530 καὶ
2291 2461 2467 2554 σφίσι
2515 2459 2625 2528 καὶ
2676 2464 2839 2528 τοῖσι
2890 2435 3181 2538 ἄλλοισι,-

486 2589 627 2660 ὅσοι
670 2581 1026 2689 Ἑλλήνωι
1082 2592 1416 2692 σωεπρής
1419 2621 1576 2666 etv-:o
1628 2591 1954 2694 Μενέλεῳ
1991 2597 2109 2673 τὰς
2136 2589 2427 2692 ‘li->tems-
2479 2598 2813 2700 ὁιρποιγοίς.ί
2846 2594 2911 2692 3)
3020 2596 3159 2668 Re·

481 2731 704 2802 currit
783 2732 896 2806 hic
988 2734 1481 2823 volgarissima
1567 2736 2111 2808 Atheniensium
2206 2736 2675 2826 consuetudo,
2758 2757 2965 2824 quam
3048 2735 3159 2806 vel

481 2889 699 2960 supra
729 2869 800 2941 in
852 2867 972 2944 Le
998 2893 1182 2945 mno
1221 2879 1294 2945 et
1341 2871 1788 2947 Salamine
1830 2875 2083 2947 insulis
2114 2875 2551 2947 vindicandis
2588 2874 3157 2967 perstrinximus.

490 3003 749 3080 Solent
805 3016 1156 3082 terrarum
1217 3014 1708 3103 occupationes
1757 3022 1831 3085 et
1891 3013 2405 3086 vindicationes
2460 3014 2909 3105 comprobari
2963 3034 3161 3103 argu-

485 3147 767 3233 mentis,
825 3169 1004 3237 quae
1058 3150 1224 3221 inde
1276 3172 1318 3221 a
1373 3150 1814 3241 temporibus
1871 3150 2177 3224 heroicis
2236 3152 2544 3242 repetita
2601 3148 3001 3222 fabularum
3058 3172 3162 3223 ra-

481 3284 794 3357 tionibus
837 3286 1316 3359 illustrantur.
1389 3287 1704 3378 Quorum
1748 3266 2117 3361 causidicis
2156 3294 2379 3379 p'aene
2420 3291 2795 3381 dignorum
2837 3288 3159 3361 artificio-

480 3442 630 3492 rum
686 3424 1015 3497 nimirum
1072 3426 1382 3516 optimu-s
1457 3431 1799 3516 patronus
1885 3426 2140 3498 haberi
2196 3427 2380 3498 solet
2432 3424 2885 3498 Homerus.
3000 3425 3161 3499 Huc

480 3568 758 3651 spectat
811 3564 1183 3635 notissima
1228 3565 1354 3637 illa
1411 3564 1962 3637 Atheniensium
2023 3564 2522 3658 interpolatio,
2597 3586 2735 3653 qua
2790 3562 3154 3636 Pisistrati

479 3701 917 3790 temporibus
971 3699 1355 3773 Salaminis
1417 3704 1946 3793 occupationem
2004 3702 2511 3792 probaverunt.
2620 3700 2703 3772 In
2758 3702 2890 3775 hac
2944 3720 3156 3773 causa

477 3906 851 3913 ——--———--—..-—
886 3908 1102 3915 --——-

1429 3976 1466 3994 N

682 4043 750 4121 1)
821 4043 1214 4109 Holmius
1283 4042 1586 4125 (Griech.
1677 4044 2099 4107 Geschiehte.
2178 4044 2205 4106 1
2277 4064 2335 4123 p.
2412 4042 2565 4125 466)
2650 4048 2883 4106 contra
2952 4044 3147 4107 Athe-

487 4128 750 4191 nienses
797 4139 1066 4213 propter
1108 4131 1284 4194 hane
1328 4150 1480 4195 eum
1527 4130 1946 4211 Mytilenaeis
1995 4131 2523 4193 controversiam
2571 4126 2915 4194 Salamina
2965 4131 3145 4193 insu·

477 4213 610 4277 lam
657 4216 963 4281 consulto
1011 4216 1164 4299 (aus
1213 4216 1558 4299 Klugheit)
1607 4216 2109 4299 Megarensibus
2158 4218 2573 4279 concessisse
2620 4218 3039 4279 vaticinatur.

669 4316 752 4405 2)
801 4318 1020 4382 Strab.
1102 4341 1166 4401 p.
1219 4320 1378 4382 599.
1448 4321 1732 4400 Λεσβίων
1778 4318 2287 4401 επιὸικαζομένων
2332 4318 2549 4400 σχεδόν
2588 4344 2647 4381 τι
2690 4322 2792 4397 τῆς
2836 4319 3148 4401 συμπάσης

481 4402 786 4492 Τρωάδος·
832 4430 917 4469 ων
960 4406 1028 4469 δὲ
1071 4411 1174 4468 καὶ
1216 4410 1521 4488 κτίσματά
1567 4406 1721 4468 stow
1766 4402 1836 4468 αἱ
1872 4404 2154 4469 πλεῖσται
2199 4408 2319 4467 τῶν
2362 4406 2703 4485 κατοικιῶν,
2751 4402 2821 4467 αἱ
2854 4414 2964 4489 μὲν
3006 4427 3147 4487 συμ-

468 4498 760 4572 μένουσαι
799 4500 902 4554 καὶ
944 4495 1046 4553 νῦν
1089 4486 1158 4553 αἱ
1200 4490 1264 4553 δ’
1311 4490 1732 4574 ἦφανισμεναι.

672 4594 742 4675 3)
789 4594 1154 4659 Carolus
1201 4591 1402 4658 Sittl
1465 4596 1724 4676 (Philol.
1776 4595 1944 4660 1885
1989 4614 2058 4679 p.
2107 4596 2266 4673 203)
2344 4597 2487 4677 ipsa
2548 4596 2713 4658 haee
2781 4594 2986 4659 verba
3051 4596 3147 4659 ita

472 4679 987 4761 interpretatur:
1041 4682 1295 4758 ‚Heisst
1339 4682 1484 4746 dies
1533 4691 1742 4745 etwas
1791 4684 2099 4761 anderes,
2150 4681 2252 4743 als
2302 4682 2452 4745 dass
2485 4682 2780 4745 Pittacus
2827 4681 3143 4759 erklarte‚

472 4767 592 4829 dus
635 4767 824 4830 Laud
870 4784 1000 4831 von
1050 4768 1218 4832 Ilion
1267 4770 1454 4831 stehe
1496 4771 1633 4832 ihm
1683 4788 1790 4851 zu,
1840 4770 1994 4831 weil
2025 4770 2213 4831 seina
2248 4768 2473 4831 Gattin
2514 4786 2637 4831 von
2678 4770 3143 4849 Agamemnon

473 4854 848 4917 abstamme
894 4856 1136 4935 (Laert.
1193 4856 1388 4934 Diog.
1446 4856 1497 4931 1,
1583 4857 1698 4941 81)
1745 4855 1909 4920 oder
1955 4856 2352 4936 uberhaupt,
2432 4855 2580 4917 weil
2629 4852 3140 4918 Naohkommen

469 4938 588 5003 des
636 4941 1144 5022 Achaerktinigs
1190 4942 1256 5005 in
1303 4942 1625 5025 Mytilene
1669 4934 1811 5007 sich
1861 4942 2267 5005 befanden'?
