4057 5790
1973 638 2069 647 .-
2186 593 2287 667 64
2401 637 2492 646 .-

897 813 1058 904 Quo
1135 818 1452 903 tempore
1534 814 1851 882 mortuus
1933 811 2026 883 sit
2106 809 2491 900 ambigitur
2537 805 2603 905 ¹).
2710 808 3091 896 Homines,
3138 809 3571 882 recentiores

896 971 1050 1024 cum
1145 952 1218 1022 in
1305 950 1436 1023 hac
1529 950 1939 1039 quaestione
2028 947 2515 1040 percensenda
2571 946 2833 1022 Suidae
2916 948 3357 1040 potissimum
3436 952 3574 1018 tes·

895 1090 1192 1161 timonio
1281 1089 1726 1181 niterentur,
1829 1108 1978 1159 rem
2087 1107 2229 1158 non
2340 1086 2551 1176 plane
2630 1085 2805 1158 mihi
2882 1085 3214 1157 videntur
3294 1083 3572 1175 expedi-

893 1228 1084 1300 visse
1121 1217 1210 1331 ²).
1343 1227 1860 1316 Diogenis
1952 1226 2139 1297 enim
2230 1225 2376 1298 vita
2459 1223 2727 1298 Pittaci
2830 1229 2905 1296 et
2996 1221 3213 1295 breve
3302 1222 3390 1294 de
3486 1243 3569 1294 eo

896 1366 1357 1438 summarium
1441 1363 1491 1439 S
1523 1365 1696 1437 uid
1727 1366 1753 1437 i
1787 1386 1900 1436 an
1932 1385 2073 1435 um
2155 1363 2325 1453 quin
2400 1362 2487 1434 ad
2552 1361 2856 1435 eundem
2914 1359 3181 1434 fontem
3251 1359 3569 1450 redeant,

901 1503 1218 1576 dubitari
1300 1525 1439 1577 non
1522 1507 1786 1595 potest.
1917 1501 2359 1591 Quamquam
2441 1501 2513 1570 in
2598 1497 2944 1588 Diogenis
3015 1498 3164 1569 vita
3222 1496 3444 1569 multa
3496 1499 3569 1566 et

909 1641 1232 1731 pleniora
1309 1645 1384 1711 et
1455 1639 1847 1728 integriora
1903 1637 2279 1729 leguntur,
2364 1657 2543 1726 quae
2607 1636 2793 1730 apud
2860 1634 3151 1725 Suidam
3222 1656 3365 1710 non
3431 1633 3568 1705 nisi

902 1779 1226 1851 derivata
1278 1784 1352 1851 et
1405 1777 1779 1852 decurtata
1828 1780 2111 1848 exstant
2170 1772 2419 1866 forma,
2493 1778 2574 1846 ut
2625 1774 2788 1845 inde
2844 1771 2992 1846 fere
3036 1775 3274 1866 colligi
3318 1776 3568 1869 possit,

787 1929 792 1937 ’
897 1916 1295 2009 Diogenem
1393 1917 1626 2008 ipsum
1723 1913 1988 1988 Suidae
2092 1913 2362 1987 auctori
2464 1912 2898 1986 subiacuisse
2937 1910 3025 2012 3).
3160 1912 3614 1988 Narrantur'

779 2119 790 2133 ,
900 2057 1088 2150 apud
1128 2061 1507 2146 utrumque
1564 2053 1955 2126 Melanchri
2008 2053 2296 2144 tyranni
2350 2053 2718 2143 oppressio
2774 2058 2849 2124 et
2894 2052 3254 2144 singulare
3309 2053 3572 2132 Pittaci

777 2144 786 2171 1

776 2174 784 2237 ἶ
867 2197 1058 2268 “cum
1141 2193 1528 2288 Phrynone
1609 2199 1969 2270 certamen
2048 2194 2294 2266 eodem
2355 2192 2641 2284 ordine,
2724 2192 2851 2264 sed
2919 2194 3105 2285 apud
3172 2191 3569 2285 Diogenem

893 2334 1028 2407 hae
1087 2355 1206 2406 res
1278 2333 1492 2406 certis
1565 2331 2006 2426 temporibus
2072 2331 2467 2404 vindicatae
2538 2352 2681 2402 non
2744 2337 2913 2404 sunt
2951 2327 3037 2428 ⁴).
3144 2332 3569 2423 Temporum

1097 2624 1165 2708 1)
1213 2627 1654 2708 Praemoneo,
1709 2626 1817 2689 hic
1863 2626 1975 2707 agi
2020 2623 2168 2689 sola
2214 2623 2300 2688 de
2348 2643 2429 2688 ea
2480 2643 2575 2706 re,
2625 2641 2919 2707 quonam
2972 2629 3272 2708 tempore
3304 2629 3568 2688 veteres

899 2715 1029 2800 ipsi
1069 2715 1504 2796 Phrynonem
1550 2713 1948 2777 occubuisse
1992 2712 2369 2776 statuerint.
2668 2747 2674 2760 ·

1099 2798 1170 2884 2)
1219 2801 1711 2880 Schoenius
1779 2799 2011 2882 Symb.
2068 2797 2299 2880 philol.
2372 2797 2586 2862 Bonn.
2658 2817 2725 2881 p.
2780 2796 2926 2861 ¹747.
3024 2795 3419 2861 Rohdius
3476 2796 3567 2859 M.

896 2890 1026 2955 Rh.
1078 2885 1398 2954 XXXIII.
1447 2908 1509 2971 p.
1563 2885 1713 2950 217.

1097 2976 1168 3051 3)
1215 2973 1728 3038 Nietzschio
1776 2972 1897 3051 (M.
1945 2970 2075 3035 Rb.
2142 2970 2363 3035 XXIV
2440 2992 2499 3053 p.
2576 2971 2729 3053 223)
2803 2970 3002 3055 plane
3067 2990 3179 3035 me
3238 2969 3573 3053 applicare

901 3079 1189 3146 nequeo.
1283 3059 1626 3124 Nonnulla
1668 3061 1734 3121 in
1787 3058 2037 3121 Suidae
2082 3058 2531 3143 biograpbicis
2586 3056 2961 3121 luc'ulenter
3012 3076 3227 3141 nuper
3256 3059 3569 3122 observa·

899 3152 997 3213 vit
1035 3148 1426 3213 Daubius
1456 3146 1571 3225 (N.
1595 3146 1824 3209 Jahrb.
1857 3146 1904 3207 f.
1935 3142 2176 3207 Philol.
2210 3146 2276 3208 S.
2318 3146 2385 3207 B.
2406 3144 2509 3209 XI
2532 3164 2598 3228 p.
2632 3144 2759 3206 403
2791 3146 2954 3227 sq.)‚
2984 3145 3099 3227 qui
3128 3152 3351 3209 tamen
3372 3144 3568 3226 {ipsas

902 3236 1186 3301 fontium
1231 3235 1526 3297 rationes
1569 3249 1704 3295 non
1753 3238 1888 3293 tam
1937 3233 2181 3295 acriter
2224 3233 2566 3314 perspexit
2616 3248 2817 3313 quam
2860 3232 3258 3297 Flachius
3332 3230 3568 3314 (Hesy-

898 3324 1027 3388 chii
1068 3321 1313 3385 Milesii
1355 3324 1653 3384 onomat.
1745 3316 1899 3399 Lps.
1954 3316 2127 3381 1882
2170 3338 2231 3401 p.
2284 3318 2411 3381 169
2455 3318 2627 3381 Adn.
2658 3315 2740 3403 7).

1105 3408 1178 3486 4)
1270 3404 1887 3471 commemorabile
1935 3409 2040 3467 est
2084 3406 2211 3467 hoc
2253 3424 2481 3487 unum,
2546 3406 2729 3487 quod
2786 3409 3159 3473 referuntur
3221 3429 3264 3473 a
3306 3406 3571 3472 Suida

899 3497 1033 3561 duo
1073 3494 1317 3558 Pittaci
1349 3494 1554 3575 patris
1587 3492 1896 3555 nomina:
1951 3486 2082 3567 ἱιός
2122 3492 2359 3555 Καικοΰ
2400 3496 2501 3554 καὶ
2530 3488 2880 3575 ‘YQQadt'om
2972 3492 3165 3575 Quae
3195 3497 3403 3561 verba
3435 3512 3566 3557 non

905 3600 1060 3648 esse
1105 3598 1270 3645 sana
1317 3598 1515 3643 nemo
1561 3578 1860 3659 negabit.
1953 3577 2027 3641 In
2098 3578 2305 3641 verbo
2336 3574 2668 3663 ιῩρραδίου
2725 3581 2995 3663 quidem
3044 3582 3382 3665 quomodo
3428 3599 3569 3645 cor·

897 3667 1164 3751 ruptela
1233 3670 1583 3731 contracta
1647 3666 1755 3746 sit,
1825 3663 1929 3727 vel
1976 3684 2156 3727 nunc
2218 3668 2439 3748 potest
2502 3665 2703 3728 cerni.
2800 3666 3039 3732 Pittaci
3084 3670 3264 3733 enim
3310 3672 3568 3751 patrem

883 3758 1120 3839 ‘'YQQav
1165 3752 1526 3834 audivisse,
1590 3752 2181 3833 grammaticorum
2250 3752 2646 3815 testimoniis
2717 3760 3001 3835 constat,
3075 3757 3188 3838 qui
3241 3752 3575 3839 ίῩρράδιον

900 3841 1288 3924 significare
1313 3838 1514 3925 “YQQa
1561 3836 1770 3901 filium
1828 3837 2075 3900 diserte
2121 3839 2433 3901 referunt.
2536 3834 2881 3921 (Priscian.
2936 3840 2997 3903 11
3062 3862 3128 3925 p.
3178 3844 3261 3905 65
3328 3842 3561 3905 Hertz:

898 3962 975 3975 -
1027 3929 1220 4006 αδιος,
1290 3943 1464 4008 quae
1531 3931 1633 3988 est
1679 3922 1974 4005 Aeolica,
2052 3929 2125 3987 ut
2172 3924 2568 4005 Hyr-radius,
2636 3926 2894 4007 Hyr-rae
2952 3928 3149 4007 filius,
3219 3928 3571 4004 Pittacus.)

897 4015 1170 4097 Irrepsit
1201 4013 1372 4076 falsa
1404 4012 1695 4076 nominis
1731 4012 1944 4075 forma
1973 4011 2041 4071 in
2080 4012 2447 4092 Diogenem
2486 4028 2573 4073 ex
2604 4011 3089 4093 epigrammate
3118 4012 3569 4079 Callimacbeo

899 4102 1126 4182 (Diog.
1199 4100 1270 4162 L.
1325 4098 1378 4179 I,
1428 4094 1474 4182 ξ
1517 4098 1649 4161 80:
1722 4096 1940 4171 Ξεῖνος
1975 4094 2363 4177 Ἀταρνείτης
2405 4120 2495 4171 τις
2542 4095 2811 4179 ἀνείρετο
2876 4101 3187 4163 Πιττακὸν
3252 4100 3405 4164 οὕτω
3468 4100 3571 4161 τὸν

897 4190 1332 4264 ᾹΙυτιληναΐον,
1361 4185 1556 4247 παῖδα
1587 4185 1690 4246 τὸν
1711 4180 2071 4269 ιῩρραδιόυ)
2118 4185 2183 4245 in
2210 4201 2341 4265 quo
2376 4184 2591 4246 forma
2612 4180 2941 4267 ιῩρραὸιόυ
2972 4184 3572 4273 reclam‘YQQcid'cov

902 4272 1281 4354 expulerat.
1407 4270 1604 4333 Unde
1679 4270 2161 4351 corruptelam,
2252 4287 2453 4350 quam
2542 4272 2609 4332 in
2700 4272 3182 4353 epigrammate
3281 4272 3571 4335 correxit

899 4356 1492 4423 Schneiderus
1561 4354 1758 4434 (Call.
1808 4355 1859 4436 1,
1937 4351 2100 4419 Exc.
2156 4377 2217 4439 p.
2273 4352 2427 4433 405)
2492 4374 2533 4417 a
2592 4359 2754 4420 satis
2818 4361 3108 4441 antiquis
3156 4359 3571 4442 temporibus

897 4444 1335 4529 repetendam
1385 4458 1554 4521 esse,
1607 4448 1904 4524 apparet.
2000 4440 2054 4503 E
2106 4442 2409 4525 Diogene
2458 4441 2561 4504 vel
2610 4462 2693 4505 ex
2733 4446 2875 4508 eius
2922 4452 3195 4509 auctore
3238 4445 3409 4509 falsa
3454 4462 3571 4508 no-

898 4534 1100 4596 minis
1127 4532 1344 4594 forma
1379 4529 1732 4592 transiitin
1762 4527 2065 4609 Suidam,
2118 4531 2232 4613 qui
2278 4546 2479 4609 quam
2532 4536 2782 4593 temere
2828 4532 2938 4594 hic
2984 4538 3326 4596 auctorem
3374 4550 3567 4594 suum

900 4620 1358 4701 exscripserit,
1432 4614 1539 4679 vel
1611 4613 1900 4697 gemello
1970 4617 2113 4679 eius
2171 4616 2377 4698 ipsius
2426 4614 2575 4679 loco
2624 4613 2705 4698 (s.
2758 4637 2825 4678 v.
2863 4616 3109 4703 ‘'Y09a)
3158 4619 3570 4683 demonstra-

898 4712 1031 4786 tur,
1085 4706 1198 4768 ubi
1245 4706 1511 4785 integra
1557 4702 1848 4765 nominis
1897 4702 2135 4782 forma,
2199 4720 2237 4765 e
2282 4704 2719 4782 grammatico
2764 4703 3055 4785 quodam
3102 4706 3333 4789 petita,
3415 4722 3571 4768 con·

898 4796 1166 4855 servata
1211 4797 1332 4855 est.
1397 4790 1637 4853 Exstat
1661 4788 2028 4870 depravata
2060 4788 2349 4853 nominis
2386 4789 2599 4853 forma
2634 4792 3019 4855 etiamnunc
3066 4790 3242 4874 apud
3280 4791 3569 4855 Busol·

901 4878 1116 4943 tium
1167 4877 1280 4941 Gr.
1337 4876 1418 4940 G.
1469 4876 1498 4939 Ι
1547 4895 1608 4957 p.
1661 4876 1806 4939 514.
1857 4906 1936 4919 -
1999 4872 2132 4940 Sed
2180 4874 2493 4939 laborant
2536 4876 2734 4939 etiarn
2780 4883 3005 4941 cetera
3050 4877 3292 4943 Suidae
3333 4877 3563 4941 verba.

899 4969 1003 5028 καὶ
1063 4964 1240 5049 quod
1313 4962 1628 5027 traditum
1679 4966 1780 5025 est
1851 4961 1916 5023 in
1988 4957 2022 5039 ἢ
2088 4964 2373 5025 mutavit
2436 4962 2569 5025 iam
2620 4961 3047 5045 Menagius
3116 4964 3202 5028 ad
3276 4964 3473 5045 Diog.
3520 4962 3567 5031 Ι.
