4057 5790
2027 577 2529 646 ...42-

945 824 1234 912 praeter
1287 839 1448 910 eas,
1506 839 1685 909 quae
1752 820 1828 892 in
1883 819 2031 892 vita
2086 817 2372 892 Solonis
2428 819 2935 914 perhibentur,
3010 820 3248 894 nullae
3326 843 3615 912 usquam

929 955 1231 1030 Solonis
1315 952 1431 1030 'res
1512 957 1702 1030 bello
1735 956 2166 1047 Megarensi
2216 961 2458 1046 gestae
2531 965 3111 1032 commemoratae
3184 960 3346 1046 sint,
3424 958 3613 1032 Dae-

945 1098 1272 1171 machum
1325 1097 1525 1188 ipsa
1576 1117 1661 1170 ea
1714 1093 2052 1191 facinora,
2099 1115 2277 1185 quae
2310 1093 2553 1169 Soloni
2606 1096 2994 1171 vindicavit
3019 1096 3080 1171 P
3098 1097 3610 1192 lutarchus„

944 1235 1036 1308 ab
1088 1257 1174 1308 eo
1229 1235 1697 1326 abiudicasse‚
1746 1241 2297 1309 consentaneum
2352 1239 2485 1306 est.
2545 1232 2755 1326 Quod
2814 1236 2878 1306 si
2928 1235 3053 1307 ille
3090 1233 3321 1310 facere
3359 1235 3612 1330 potuit,

917 1374 1300 1466 sequitur,
1375 1373 1515 1445 iam
1595 1378 1760 1446 aute
1815 1371 1945 1446 III.
1999 1373 2263 1446 saeculi
2312 1373 2597 1445 initium
2646 1371 2891 1464 fuisse,
2972 1374 3093 1464 qui
3144 1371 3393 1448 Soloni
3448 1377 3617 1447 haec

937 1510 1249 1586 facinora
1301 1510 1764 1585 vindicarent.
1878 1510 2119 1601 [taque
2160 1509 2715 1602 Hermippum
2744 1509 3459 1585 Callimacheum
3496 1512 3613 1584 de·

935 1673 1124 1723 mum
1177 1650 1371 1723 illius
1420 1649 1912 1723 translationis
1950 1656 2311 1724 auctorem
2350 1647 2568 1722 fuisse'
2624 1650 2815 1722 omni
2850 1631 3048 1723 caret
3087 1651 3609 1743 probabilitate.

1142 1787 1695 1860 Aristotelis
1763 1793 1996 1861 aetate
2067 1787 2352 1863 omnino
2408 1787 2519 1862 illi
2572 1786 2860 1861 Solonis
2912 1789 3149 1862 studio
3204 1789 3364 1863 hinc
3416 1790 3610 1863 illinc

915 1929 1317 2019 repugnari
1383 1919 1759 2016 cernimus,
1891 1926 2192 2001 Praeter
2245 1926 2728 2002 Daemac‘hum
2784 1925 3279 2001 Plataeensem
3336 1929 3610 2002 Theo·

931 2067 1151 2162 phra
1173 2089 1204 2139 s
1227 2072 1362 2140 tus
1423 2086 1699 2157 quoque
1735 2065 1873 2139 etsi
1926 2066 2229 2140 strictim
2263 2065 2397 2138 has
2426 2087 2543 2138 res
2572 2066 2901 2157 attigisse
2940 2066 3251 2140 videtur.
3321 2066 3611 2162 Accepi-

931 2227 1087 2276 mus
1126 2205 1336 2277 etiam
1394 2227 1552 2276 eum
1591 2204 1828 2298 aliter,
1883 2209 2093 2294 atque
2148 2208 2316 2276 ante
2353 2202 2610 2277 factum
2665 2210 2845 2297 erat,
2894 2205 3087 2277 inter
3122 2226 3230 2298 ea,
3268 2227 3457 2296 quae
3486 2205 3613 2280 So-

935 2345 1086 2421 loni
1125 2365 1444 2435 quaeque
1483 2343 1863 2416 Pisistrato
1895 2343 2279 2416 tribuenda
2328 2347 2595 2436 essent,
2649 2343 3112 2436 disceptasse.
3224 2343 3421 2418 Plut.
3457 2343 3608 2418 Sol.

935 2485 1072 2556 31:
1138 2473 1268 2559 Ὣς
1321 2479 1394 2551 δὲ
1449 2474 2007 2578 Θεόφραστος
2061 2481 2385 2578 ἱστόρηκε,
2462 2479 2571 2550 καὶ
2622 2479 2731 2550 τὸν
2798 2487 2922 2578 τῆς
2956 2480 3222 2580 ἀργίας
3282 2483 3480 2576 νόμον
3532 2479 3610 2552 οὐ

929 2617 1213 2690 Σόλων
1262 2616 1524 2716 ἔθηκεν,
1583 2617 1753 2690 ἀλλὰ
1792 2585 2445 2717 Πεισίστρατος,
2500 2608 2557 2717 ᾧ
2614 2619 2731 2716 τήν
2784 2644 2859 2690 τε
2906 2622 3141 2719 χώραν
3178 2619 3607 2719 ἐνεργοτέραν

927 2757 1038 2828 καὶ
1089 2758 1209 2855 τὴν
1261 2757 1447 2828 πόλιν
1526 2758 2016 2856 ἡμεραιοτέραν
2094 2757 2431 2856 ἐποίησεν.
2560 2756 2945 2851 Impugnat
2997 2759 3331 2835 videlicet
3384 2759 3610 2832 Theo·

927 2897 1262 2990 phrastns
1315 2897 1427 2971 his
1485 2898 1716 2971 verbis
1767 2899 2251 2972 testimonium
2303 2897 2795 2989 Herodoti,
2849 2898 2971 2988 qui
3024 2898 3323 2971 eandem
3373 2898 3601 2989 legem

929 3036 1405 3127 adscripscrat
1435 3033 1486 3109 S
1505 3036 1739 3110 oloni
1765 3032 2097 3134 (11,1'77).
2133 3033 2285 3109 Nec
2314 3036 2585 3128 dubito,
2603 3035 2773 3127 quin
2798 3034 2931 3111 hoc
2962 3036 3149 3109 iusto
3174 3038 3331 3111 iure
3348 3012 3604 3112 iecerit

923 3174 1492 3267 Theophrastus,
1610 3172 2015 3248 Concinuut
2067 3181 2301 3249 autem
2354 3176 2526 3249 haec
2580 3176 2837 3249 mirum
2887 3162 3227 3266 quantum
3279 3194 3432 3250 cum
3486 3178 3600 3270 iia,

923 3334 1104 3403 quae
1162 3312 1738 3385 Aristoteles
1795 3314 1867 3384 in
1922 3312 2246 3386 Politicis
2306 3309 2428 3410 (V.
2469 3316 2543 3404 9,
2573 3311 2644 3411 4)
2700 3313 2788 3386 de
2826 3315 3096 3387 usitata
3132 3319 3595 3407 tyrannorum

936 3450 1446 3524 consuetudine
1486 3451 1846 3525 edisserit.
1953 3452 2200 3541 Itaque
2232 3452 2387 3525 fieri
2417 3457 2696 3545 potest,
2724 3458 2805 3525 ut
2832 3452 3368 3547 Theophrastus
3394 3455 3605 3526 huius

921 3591 1030 3661 rei
1081 3590 1406 3663 notitiam
1459 3590 1904 3685 praeceptori
1939 3590 2080 3681 ipsi
2130 3590 2479 3663 debuerit.
2510 3586 2561 3692 ¹)
2632 3588 2895 3665 Elucet
2934 3597 3175 3664 autem
3211 3591 3397 3681 hinc,
3452 3612 3593 3663 nou

929 3728 1138 3801 modo
1189 3729 1415 3822 illam,
1493 3718 1702 3819 quam
1787 3728 1980 3801 bello
2035 3728 2348 3818 gerendo
2414 3729 2778 3821 paraverit
2856 3728 2991 3800 sibi
3046 3728 3341 3818 gloriam
3399 3727 3594 3821 Solo,

929 3867 1056 3939 sed
1110 3867 1322 3939 etiam
1377 3889 1561 3957 eam,
1619 3886 1828 3957 quam
1874 3865 2155 3955 legibus
2210 3866 2600 3945 condendis
2650 3871 2722 3937 et
2766 3867 2874 3938 rei
2927 3865 3254 3958 publicae
3306 3867 3597 3939 admini-

897 4007 1272 4081 stratione
1323 4010 1740 4079 consecutus
1779 4005 1876 4078 sit
1927 4004 2167 4097 aliqua
2214 4028 2302 4077 ex
2350 4012 2551 4096 parte
2588 4004 2877 4076 aliunde
2922 4026 3080 4077 esse
3140 4013 3592 4099 assumptam.

1131 4146 1368 4234 Atque
1416 4144 1747 4233 quoniam
1798 4140 2087 4215 Solonis
2160 4162 2319 4216 cum
2373 4140 2566 4213 bello
2622 4139 3013 4217 Salaminio
3074 4145 3388 4217 rationes
3443 4165 3595 4237 per-

1129 4380 1199 4463 1)
1247 4380 1694 4445 Onckeniu
1717 4400 1772 4461 s,
1825 4380 2096 4444 Staatsl.
2126 4380 2192 4443 d.
2225 4380 2498 4443 Aristot.
2530 4398 2599 4463 p.
2629 4381 2752 4443 451
2789 4382 2914 4444 hac
2944 4380 3030 4442 de
3062 4398 3133 4443 re
3164 4398 3353 4444 mera
3398 4381 3595 4443 mira·

927 4466 1078 4532 cula
1105 4468 1500 4532 somniavit:
1550 4468 1814 4552 quippe.
1840 4470 2047 4531 sumit
2089 4465 2204 4529 ille
2228 4466 2628 4530 Plutarch
2649 4486 2689 4529 u
2710 4486 2772 4529 m
2821 4472 3092 4549 propter
3132 4464 3591 4531 incredibilem

925 4572 1078 4619 cum
1105 4554 1270 4618 Her
1288 4557 1381 4619 od
1401 4558 1546 4619 oto
1590 4554 2111 4637 discrepantiam
2138 4570 2272 4615 non
2311 4554 2457 4636 ipso
2490 4553 2816 4617 Herodoti
2846 4554 3017 4617 libro
3052 4572 3247 4617 usum
3276 4570 3448 4635 esee,
3472 4552 3590 4617 sed

923 4642 1216 4724 epitoma
1257 4641 1370 4705 Th
1392 4660 1429 4704 e
1447 4659 1488 4705 o
1507 4659 1603 4724 po
1624 4660 1689 4705 m
1711 4660 1756 4726 p
1774 4642 1822 4707 i.
1917 4639 2188 4721 Alioqui
2222 4641 2402 4702 enim
2429 4639 2861 4705 Plutarchum
2887 4657 3165 4721 gravem
3202 4639 3389 4703 illam
3434 4658 3592 4703 con-

929 4728 1326 4792 troversiam
1366 4727 1824 4792 indicaturum
1879 4728 2105 4791 fuisse.
2161 4723 2315 4808 Qua
2336 4726 2851 4790 ratiocinatione
2882 4726 3119 4789 ductus
3144 4726 3467 4791 Herodoti
3496 4725 3590 4788 hi·
3620 4766 3631 4777 ·

929 4814 1203 4878 storiam
1251 4814 1532 4897 periisse
1573 4814 2066 4898 postremisque
2112 4812 2384 4876 demum
2412 4812 2752 4877 Plutarchi
2798 4813 2977 4875 vitae
3020 4818 3213 4876 annis
3258 4831 3348 4877 ex
3390 4811 3594 4894 longa

929 4899 1273 4965 oblivione
1317 4906 1786 4984 expromptam
1849 4918 1998 4963 esse
2076 4900 2471 4983 suspicatur.
2566 4899 2778 4963 Pareo
2839 4897 3085 4963 verbis.
3176 4899 3350 4964 Nam
3396 4918 3587 4982 argu·

919 4988 1163 5051 mentis
1210 4988 1503 5051 refutare
1544 5008 1690 5051 rem
1736 4984 2145 5069 supersedeo
2193 4986 2595 5049 cachinnum
2642 4990 3052 5050 moventem.
3124 4984 3143 5001 ⁸
