4057 5790
1539 661 1626 671 ---
1751 623 1845 696 79
1961 573 2131 679 ·-⁷

470 824 716 896 eodem
774 823 921 896 fere
981 823 1134 896 loco
1195 829 1376 896 orto.
1487 821 1668 895 Erat
1706 824 1887 916 enim
1945 845 2169 916 prope
2214 825 2304 898 ad
2352 823 2855 918 Xypetaeones
2910 831 2985 898 et
3038 847 3153 898 ne·

470 961 948 1035 cessitudinis.
987 962 1288 1052 quodam
1347 960 1630 1036 vinculo
1680 957 1969 1058 (Pollux
2005 961 2137 1034 IV.
2192 957 2359 1059 105)
2412 981 2563 1036 cum
2602 963 2691 1036 iis
2738 963 3149 1037 coniunctus

468 1121 693 1192 pagus
785 1098 1078 1173 Atticus
1157 1107 1291 1170 τῶν
1372 1093 1811 1193 Θυμαιταδῶν
1893 1097 2002 1195 (Ο.
2068 1102 2119 1172 Ι.
2186 1098 2282 1172 A.
2338 1103 2393 1192 Ι,
2448 1101 2597 1172 189
2671 1123 2715 1172 a
2762 1108 2837 1174 et
2885 1095 2985 1197 b.)
3036 1101 3149 1173 vel

471 1231 898 1331 Θυμοιταδῶν
972 1235 1654 1335 (Milchhoefer‚
1728 1239 1914 1310 Text
1975 1261 2063 1311 zu
2130 1239 2191 1316 d.
2259 1239 2537 1312 Karten
2594 1226 2891 1318 v.‘Att.
2944 1238 3143 1314 Berl.

453 1377 668 1449 4883
723 1397 790 1468 p.
849 1377 984 1469 10)
1041 1369 1343 1468 quorum
1405 1399 1794 1471 eponymus
1851 1370 2281 1472 Θυμοίτης
2330 1375 2486 1468 fuit,
2550 1374 2884 1470 Oxyntae
2927 1377 3145 1472 filius,

479 1509 726 1609 (Paus,
781 1513 874 1586 II.
933 1515 1052 1608 18,
1110 1505 1191 1619 9)
1247 1536 1618 1610 supremus
1672 1538 1710 1588 e
1764 1516 2026 1589 Thesei
2100 1517 2322 1607 stirpe
2397 1513 2949 1594 Atheniensium
2997 1538 3143 1588 rex.

469 1647 731 1747 (Nicol.
793 1651 1002 1726 Dam.
1053 1651 1140 1726 F.
1202 1651 1298 1724 Η.
1357 1651 1450 1725 G.
1503 1645 1876 1746 111,'386.
1974 1651 2247 1725 Athen.
2304 1674 2371 1744 p.
2427 1649 2581 1749 96).
2688 1641 2875 1745 Quid
2960 1655 3143 1744 quod

470 1789 782 1863 eiusdem
837 1791 1142 1862 nominis
1192 1791 1302 1862 vir
1357 1790 1570 1862 etiam
1629 1791 1821 1862 inter
1888 1791 2236 1865 Troianos
2310 1791 2514 1863 nobis
2580 1793 3146 1882 occurrit-atque

339 1972 356 1986 ι
467 1927 875 2018 illequidem
957 1929 1094 2000 iam
1183 1928 1257 1999 in
1351 1925 1576 2000 Iliade
1657 1922 1763 2024 (Γ.
1822 1921 2157 2021 146)?¹)
2269 1928 2479 2020 Quod
2556 1929 2713 2000 fieri
2792 1949 2959 2004 casu
3030 1931 3145 2003 vix
3202 2013 3211 2025 ,

467 2070 660 2166 puto.
776 2068 1013 2156 Atque
1089 2071 1174 2139 ut
1243 2065 1620 2156 adiungam
1675 2065 1788 2138 vel
1860 2085 2106 2159 unum,
2172 2087 2405 2139 nonne
2468 2065 2604 2142 huc
2662 2067 2893 2159 ipsum
2947 2089 3145 2142 revo-

475 2203 750 2280 candae
811 2203 1142 2278 videntur
1197 2207 1510 2279 rationes
1564 2205 1744 2278 istae
1797 2205 2122 2296 (quarum
2162 2205 2441 2295 quidem
2476 2206 2879 2279 memoriam
2919 2213 3149 2282 aucto·

469 2342 668 2416 ribus
723 2341 1045 2416 Homero
1112 2344 1632 2418 recentioribus
1687 2342 2062 2430 debemus)
2117 2363 2292 2433 quas
2347 2343 2539 2416 inter
2618 2341 3143 2418 Munichiam

466 2482 984 2576 paeninsulam,
1013 2483 1084 2555 in
1120 2484 1276 2576 ipsa
1303 2483 1616 2556 locorum
1658 2481 1944 2554 illorum
1974 2481 2331 2554 vicinitate
2362 2482 2595 2575 sitam,
2624 2486 2698 2554 et
2733 2479 3145 2556 Acamantis
3244 2551 3249 2566 ,

465 2619 842 2710 regiaeque
865 2593 1342 2732 Troianorum
1373 2619 1671 2710 virginis
1709 2618 1744 2691 f
1751 2621 1774 2691 i
1793 2619 1992 2692 lium
2024 2619 2517 2724 intercessisse
2548 2640 2765 2713 supra
2791 2621 3144 2694 vidimus?

669 2753 839 2829 Non
895 2756 1080 2832 addo
1136 2758 1472 2831 litteram.
1577 2757 1889 2832 Omnino
1959 2761 2147 2833 enim
2202 2758 2377 2836 haec
2429 2758 2825 2832 fabularum
2883 2759 3145 2833 rudera

466 2893 701 2969 obiter
739 2898 1096 2989 spectanti
1136 2900 1592 2988 quantumvis
1635 2898 2115 2974 dissociabilia
2151 2901 2211 2973 si
2254 2900 2529 2973 ratione
2582 2900 2968 2990 digerimus
3021 2900 3143 2972 mi·

463 3054 618 3106 rum
669 3042 1006 3124 quantum
1051 3037 1242 3109 inter
1276 3058 1352 3109 se
1395 3038 1771 3113 concinere
1810 3044 1884 3112 et
1921 3039 2315 3116 coalescere
2354 3060 2557 3112 nemo
2612 3059 2750 3111 non
2805 3034 3143 3126 cernit.²)

467 3192 527 3200 ...-
546 3190 846 3198 ῌ--ῌ-ῥῴ
865 3190 1082 3199 -——--—-.-

702 3258 766 3337 1)
849 3258 1025 3323 Fieri
1061 3264 1302 3343 potest,
1348 3264 1422 3323 ut
1467 3260 1574 3322 hie
1621 3278 1853 3322 ansam
1900 3258 2165 3323 dederit
2208 3258 2739 3343 Eupliorioni
2807 3258 2891 3322 ad
2962 3258 3143 3325 illius

461 3342 732 3408 fabulae
763 3345 1128 3423 fictionem,
1184 3364 1384 3428 quarn
1434 3345 1704 3409 Servius
1750 3346 1836 3409 ad
1885 3346 2087 3426 Vei-g.
2126 3347 2293 3409 Aen.
2331 3344 2410 3423 ΙΙ,
2460 3346 2545 3407 32
2568 3346 2781 3409 affert.
2811 3344 3141 3410 —Etiam

451 3429 716 3513 Ἔχέλας
761 3432 989 3510 (Paua.
1047 3431 1168 3497 III.
1218 3434 1283 3512 2,
1333 3432 1406 3511 1)
1473 3431 1578 3497 vel
1619 3430 1917 3514 Ἐχέλαος
1964 3432 2163 3513 (Plut.
2216 3451 2409 3497 conv·
2463 3438 2627 3515 sept.
2676 3452 2733 3497 8.
2782 3430 2919 3516 20),
2970 3434 3142 3497 Aeo·

460 3516 611 3581 lidis
659 3517 986 3599 conditor,
1040 3519 1270 3599 nescio
1314 3537 1400 3581 an
1447 3520 1514 3581 in
1565 3520 1854 3582 eundem
1903 3536 2142 3601 gyrum
2201 3518 2591 3582 referendus
2635 3522 2741 3599 sit,
2812 3521 2869 3583 si
2936 3519 3140 3583 fidem

461 3603 622 3667 facit
663 3603 762 3667 Fi
789 3604 898 3668 ck
945 3604 1247 3684 (Gi-lech.
1282 3604 1748 3686 Eigennamen
1787 3624 1860 3709 p.
1901 3606 2043 3686 22),
2094 3606 2207 3687 qui
2232 3604 2531 3688 Ἐχέλαος
2562 3606 2955 3689 aequiparat
2986 3624 3142 3670 cum

450 3686 783 3772 ”Εχέλλος.
877 3690 998 3754 Est-
1029 3698 1252 3755 autem
1281 3688 1586 3774 ’Ἐχελλος
1629 3690 1736 3755 vel
1766 3690 2034 3774 Ἐχελος
2070 3693 2232 3775 pagi
2252 3690 2573 3775 Ἐχελίδαι
2606 3710 3005 3775 eponymus,
3054 3692 3137 3755 ad

457 3776 672 3857 ipsam
705 3774 888 3841 illam
921 3781 1334 3863 τετρακωμίαν
1364 3778 1757 3843 adiacentis.
1831 3776 2293 3857 Milchhoefer,
2344 3778 2521 3841 Text
2550 3798 2610 3861 p.
2645 3780 2707 3842 6.
2790 3777 3141 3842 Gramma-

459 3864 568 3925 tiei
613 3880 778 3927 sane
825 3865 976 3928 huic
1025 3866 1280 3929 nomini
1326 3864 1460 3940 ἕλος
1505 3866 1730 3928 inesse
1777 3864 2037 3945 volunt,
2087 3866 2264 3948 quod
2310 3866 2485 3927 inter
2515 3864 2828 3929 Piraeum
2876 3870 2945 3929 et
2974 3865 3138 3928 Her·

459 3948 625 4012 culis
704 3968 970 4014 sacrum
1055 3953 1248 4015 suerit
1323 3952 1546 4014 situm.
1673 3950 1777 4014 Et.
1853 3950 1940 4013 M.
2016 3971 2070 4015 s.
2122 3970 2187 4013 V.
2220 3949 2507 4033 ’Έχελος.
2603 3952 2699 4015 St.
2754 3950 2916 4033 Byz.
2966 3971 3020 4014 s.
3070 3971 3133 4014 v.

448 4031 796 4117 Ἔχελίδαι.
909 4038 1198 4119 Hesych.
1269 4056 1320 4100 Β.
1375 4058 1441 4099 v.
1493 4035 1556 4100 ἕν
1589 4036 1943 4119 Ἐχελιδῶν.
2058 4036 2252 4120 Apud
2305 4036 2522 4104 Strab.
2566 4058 2635 4121 p.
2687 4036 2815 4100 582
2860 4057 2978 4121 pro
3026 4038 3137 4101 de·

449 4128 732 4203 pravato
769 4122 1094 4207 Ἀρχέλαον
1138 4123 1572 4187 scribendum
1619 4132 1722 4187 est
1753 4124 2079 4203 Ἐχέλαον.

657 4207 728 4290 2)
777 4208 920 4273 Nec
963 4209 1342 4293 spernenda
1367 4228 1542 4292 quae
1575 4209 1730 4273 hine
1762 4207 2108 4273 lucramur
2152 4208 2233 4272 ad
2283 4209 2936 4273 Atheniensium
2986 4230 3135 4275 cum
3236 4292 3247 4299 .

457 4293 776 4359 historiae
821 4294 1150 4360 fabularis
1197 4304 1336 4360 tum
1385 4314 1609 4359 rerum
1642 4295 2067 4379 publicarum
2093 4297 2567 4377 cognitionem.
2647 4296 2714 4359 Si
2748 4298 2923 4359 enim
2960 4304 3141 4362 recte

452 4380 848 4445 fabellarum
886 4384 1164 4447 istarum
1199 4385 1496 4447 rationes
1529 4382 2018 4465 perspeximus,
2069 4390 2303 4447 contra
2334 4381 2508 4445 haud
2546 4400 2696 4446 raro
2743 4384 2937 4448 nobis
2983 4403 3138 4448 con·
3222 4459 3231 4475 ,

451 4468 774 4532 iacturam
844 4468 1068 4533 licebit
1153 4472 1372 4534 facere
1443 4486 1529 4532 ex
1603 4468 1980 4533 fabularum
2049 4463 2275 4552 aliq'uo
2352 4474 2679 4534 concentu
2726 4470 2808 4534 de
2852 4470 3137 4537 necessi-

453 4552 817 4637 tudinibus,
871 4574 1046 4639 quae
1096 4557 1271 4620 inter
1318 4560 1633 4619 externas
1681 4557 1987 4639 regiones
2031 4561 2095 4619 et
2142 4562 2389 4619 terram
2436 4558 2721 4621 Atticam
2768 4558 3136 4639 antiquitus

450 4642 970 4706 intercesserint.
1069 4641 1264 4725 Quod
1345 4642 1652 4706 consulto
1723 4643 1850 4709 hoc
1915 4641 2066 4706 loco
2134 4643 2408 4707 obtineo
2456 4648 2687 4707 contra
2735 4644 3133 4707 sententiam

452 4725 557 4789 vel
632 4746 844 4809 nuper
919 4729 1248 4811 prolatam
1325 4730 1411 4793 ab
1494 4730 1768 4793 homine
1843 4728 2065 4795 docto,
2140 4726 2223 4813 (H
2253 4727 2476 4811 olm,
2563 4727 2827 4792 Griech.
2880 4729 3125 4793 Gescli.

450 4811 478 4874 1
539 4830 602 4893 p.
649 4813 814 4878 464:
907 4816 1082 4895 ,Man
1159 4815 1338 4881 kann
1419 4816 1778 4899 hiergegen
1853 4816 2036 4879 nicht
2111 4814 2547 4898 einwenden,
2646 4814 2801 4879 dass
2867 4817 2943 4898 ja
3018 4815 3135 4879 die

442 4895 800 4981 jonischen
836 4900 1075 4967 Stadte
1120 4904 1190 4966 in
1244 4904 1446 4968 Asien
1495 4903 1630 4967 und
1679 4901 1954 4985 speciell
2001 4900 2191 4965 Milet
2224 4898 2549 4967 Kolonien
2578 4902 2831 4967 Athens
2878 4920 3131 4970 waren.

451 4985 588 5047 Das
633 4986 780 5050 sind
830 4990 1374 5069 mythisehe
1424 4985 2221 5073 Beziehungen.‘)
