4057 5790
1949 571 2518 640 -110-

900 807 1326 882 crediderim
1371 804 1538 901 μετὰ
1579 806 1674 890 δὲ,
1728 805 1804 876 οὐ
1853 806 2091 905 πολλῷ
2143 807 2325 906 λόγῳ
2382 809 2610 897 εἰπεῖν,
2664 811 2901 907 χρόνος
2957 809 3145 907 διέφυ
3198 810 3309 880 καὶ
3358 811 3581 880 πάντα

897 969 1013 1042 σφι
1064 943 1378 1044 ἐξήρτυτο
1417 945 1492 1022 ἐς
1537 947 1656 1043 τὴν
1691 944 1986 1029 κάτοδον,
2044 948 2107 1056 si
2162 944 2419 1039 Sigei
2474 950 2998 1040 occupationem
3052 951 3129 1021 in
3180 951 3411 1040 ipsum
3446 949 3580 1022 hoc

898 1088 1180 1174 tempus
1257 1084 1596 1158 incidisse
1669 1086 1734 1156 ei
1801 1086 2256 1158 innotuisset.
2366 1083 2729 1158 Curtius
2802 1086 3137 1160 videlicet
3184 1107 3289 1170 eo,
3366 1083 3573 1178 quem

897 1217 1397 1298 Schoenius
1423 1222 1813 1314 commisit,
1867 1223 2277 1326 implicatus
2325 1231 2437 1297 est
2474 1246 2745 1298 errore.
2798 1222 2987 1298 Nam
3026 1223 3261 1297 Curtii
3305 1225 3573 1318 opinio,

905 1356 1102 1450 Sigei
1155 1361 1746 1451 expugnationem
1801 1362 1874 1433 in
1929 1363 2159 1454 prima
2210 1361 2576 1436 Pisistrati
2622 1364 3023 1456 tyrannidis
3070 1369 3397 1454 tempora
3438 1363 3571 1434 rei-

901 1498 1222 1572 ciendam
1270 1519 1426 1571 esse
1474 1494 1568 1596 (p.
1626 1495 1825 1596 349),
1883 1521 2020 1571 non
2078 1499 2227 1571 nisi
2277 1519 2497 1589 prava
2527 1495 2885 1573 'Schoenii
2954 1501 3569 1590 argumentatione

895 1635 1150 1710 nititur
1175 1625 1257 1740 ¹),
1337 1638 1456 1727 qui
1512 1643 1592 1709 ut
1637 1635 1951 1711 Alcaeus
2024 1641 2239 1728 poeta
2291 1633 2455 1712 h‘uic
2509 1637 2701 1711 bello
2757 1639 2986 1729 possit
3037 1639 3285 1731 inseri,
3339 1644 3562 1712 totum

892 1775 1161 1848 bellum
1241 1775 1570 1848 nimirum
1656 1797 1860 1865 quam
1941 1781 2180 1870 potest
2259 1777 2559 1848 maxime
2645 1783 2985 1850 removet.
3094 1773 3241 1850 Sed
3308 1772 3569 1850 Schoe-

890 1913 1184 1987 nianam
1217 1914 1295 1986 in
1323 1913 1820 1988 constituenda
1849 1911 2099 1988 Alcaei
2146 1919 2381 1988 aetate
2436 1915 2783 1988 rationem
2840 1917 2979 1986 iam
3012 1915 3187 1987 satis
3220 1919 3297 1986 et
3323 1915 3565 1986 redar-

903 2053 1060 2142 guit
1107 2059 1184 2124 et
1249 2052 1660 2127 verberavit
1713 2050 2137 2124 Rohdius.
2250 2051 2439 2124 Hinc
2517 2053 2737 2143 igitur
2810 2053 2901 2132 ad
2970 2051 3559 2127 corroborandam

891 2187 1126 2262 Curtii
1183 2191 1604 2262 sententiam
1661 2191 1914 2262 adfluit
1965 2191 2165 2262 nihil.

1099 2325 1322 2399 Immo
1373 2348 1672 2420 prorsus
1727 2327 2071 2399 babemus
2102 2329 2633 2422 testimonium,
2709 2350 2797 2400 ex
2844 2349 2983 2419 quo
3029 2325 3227 2418 Sigei
3279 2346 3560 2420 recupe-

891 2466 1240 2538 rationem
1293 2467 1576 2537 omnino
1632 2487 1776 2538 non
1827 2466 1918 2539 ad
1971 2467 2216 2557 priora
2249 2465 2613 2540 Pisistrati
2648 2472 2971 2561 tempora
3007 2467 3221 2540 licere
3278 2465 3559 2560 referri,

883 2604 1120 2677 sinon
1155 2603 1366 2695 plane
1407 2603 1734 2697 efficitur,
1791 2610 2103 2678 attamen
2142 2605 2319 2678 satis
2365 2605 2735 2698 probabile
2792 2605 2892 2676 fit.
2951 2603 3327 2695 Leguntur
3364 2605 3551 2676 enim

881 2741 1068 2832 apud
1119 2740 1692 2816 Plutarchum
1749 2743 1921 2816 haec
1987 2742 2179 2836 (Cat.
2234 2745 2399 2816 mai.
2453 2743 2631 2836 24):
2720 2703 2989 2840 Ταύτην
3070 2739 3144 2811 δὲ
3195 2743 3317 2839 τὴν
3368 2745 3546 2836 γνώ-

881 2904 1012 2977 μην
1089 2880 1410 2977 πρότερον
1493 2879 1696 2951 εἰπεῖν
1777 2905 1941 2977 φασι
1992 2875 2484 2977 Πεισίστρατον,
2564 2878 2676 2950 τὸν
2746 2876 3131 2976 Ἀθηναίων
3207 2879 3547 2975 τύραννον,

876 3018 1298 3115 ἐπιγήμαντα
1367 3024 1501 3095 τοῖς
1565 3018 1882 3115 ἐνηλίκοις
1947 3020 2135 3090 παισὶ
2196 3021 2317 3116 τὴν
2376 3013 2745 3116 Ἀργολίδα
2798 3012 3265 3112 Τιμώνασσαν,
3330 3016 3399 3095 ἐξ
3458 3017 3545 3112 ἧς

861 3150 1198 3253 Ἰοφῶντα
1246 3156 1355 3227 καὶ
1415 3150 1751 3227 Θεσσαλὸν
1815 3154 2321 3254 αὐτῷ’λὲγουσι
2374 3154 2781 3251 γενέσθαι.··’)
2894 3156 3122 3249 Quam
3174 3149 3544 3253 Ἀργολίδα

872 3289 1314 3387 Τιμώνασσαν
1369 3296 1802 3384 aequandam
1879 3318 2037 3369 esse
2117 3274 2271 3367 cum
2332 3296 2603 3386 Argiva
2668 3296 2795 3366 illa
2867 3294 3150 3385 femina,
3236 3316 3323 3365 ex
3400 3314 3542 3385 qua
3566 3352 3591 3367 .

865 3430 1290 3505 Pisistratus
1367 3432 1588 3504 filium
1653 3432 2229 3524 Hegesistratum
2306 3434 2621 3524 sustulit,
2688 3432 2987 3526 (Herod.
3044 3432 3138 3505 V.
3196 3429 3325 3527 94)
3394 3452 3543 3502 ma·

793 3598 806 3607 ·
869 3573 1132 3644 ximam
1210 3571 1426 3643 habet
1503 3572 2122 3665 probabilitatem,
2200 3594 2357 3647 cum
2440 3570 2897 3645 Pisistratum
2974 3572 3111 3644 bis
3192 3567 3537 3659 Argivam

871 3708 1200 3781 feminam
1279 3710 1354 3780 in
1428 3710 1950 3781 matrimonium
2044 3710 2327 3783 duxisse
2425 3729 2555 3783 nec
2642 3711 2982 3782 traditum
3074 3725 3203 3779 nec
3298 3706 3549 3805 νει-ἰείη

869 3848 1034 3921 mile
1115 3847 1234 3919 sit.
1365 3844 1804 3937 Quamquam
1889 3846 2075 3941 apud
2148 3845 2607 3919 Plutarchum
2680 3848 3139 3919 Timonassae
3218 3845 3348 3916 filii
3422 3844 3539 3915 ad-

867 3986 1229 4082 pellantur
1280 3984 1778 4056 Thessalus
1834 3992 1908 4055 et
1953 3983 2266 4076 Iopho.
2322 3984 2711 4057 Thessalus
2766 3985 2975 4057 etiam
3020 3984 3307 4057 aliunde
3362 3984 3540 4055 satis

868 4131 1080 4197 notus
1135 4119 1343 4211 est.3)
1465 4120 1580 4194 De
1631 4123 1978 4214 Iophonte
2032 4144 2226 4216 vem,
2280 4122 2642 4195 Pisistrati
2687 4122 2861 4216 filio,
2914 4090 3201 4214 praeter
3254 4120 3539 4193 Plutar-

1088 4363 1155 4441 1)
1208 4360 1310 4426 Cf.
1365 4363 1512 4444 ipsa
1557 4358 1772 4425 Curtii
1819 4360 2026 4423 verba
2069 4359 2187 4423 Gr.
2238 4358 2318 4422 G.
2372 4354 2426 4420 1⁶
2468 4378 2535 4441 p.
2586 4358 2736 4423 351.

1079 4448 1153 4525 2)
1201 4448 1462 4518 Eodem
1537 4452 1846 4531 spectant
1911 4462 2088 4531 quae
2160 4444 2337 4527 apud
2413 4444 2842 4509 Plutarchum
2920 4446 3170 4527 scripta
3242 4446 3396 4509 sunt
3468 4444 3535 4507 in

873 4534 1376 4618 Apophthegm.
1427 4535 1684 4597 Pisistr.
1734 4535 1776 4595 5
1822 4539 1886 4596 et
1930 4534 2016 4597 de
2058 4533 2213 4595 frat.
2266 4550 2400 4595 am.
2451 4550 2507 4597 o.
2552 4534 2617 4595 6.

1075 4622 1148 4701 3)
1199 4622 1534 4686 Fecerunt
1605 4624 1952 4703 praeterea
2027 4621 2170 4683 eius
2246 4620 2657 4682 mentionem
2726 4617 2972 4681 Thuc.
3020 4616 3080 4701 Ι,
3130 4618 3232 4683 20.
3280 4615 3371 4701 Π,
3422 4619 3523 4680 55.

865 4705 1288 4790 Theophr.
1337 4707 1406 4771 h.
1457 4706 1662 4789 plant.
1709 4704 1806 4771 H.
1858 4707 1919 4788 3,
1971 4706 2035 4768 3.
2084 4704 2527 4770 Heraclid.
2580 4708 2717 4769 πολ.
2756 4724 2820 4789 p.
2860 4706 2897 4767 ll
2932 4701 3355 4769 Schneidew.
3418 4704 3531 4787 qui

863 4792 1056 4858 loeus
1103 4811 1474 4877 sanequam
1523 4792 1856 4857 laceratus
1899 4798 2017 4856 est.
2080 4790 2475 4856 Uberrimus
2523 4794 2711 4855 testis
2756 4792 3157 4855 Diodorus
3208 4789 3277 4855 X
3330 4791 3410 4854 fr.
3448 4791 3533 4852 39

859 4877 1077 4943 Bekk.
1128 4880 1222 4944 ὅτι
1281 4874 1586 4955 Θετταλός
1615 4876 1648 4943 ὃ
1677 4876 2129 4961 Πεισιστράτου
2166 4875 2289 4953 υἱός
2320 4880 2506 4958 σοφὸς
2534 4874 2817 4963 ὒπάρχων
2844 4875 3150 4941 ἀπείπατο
3179 4880 3284 4956 τὴν
3325 4900 3529 4959 τυραν-

857 4968 1021 5049 νίδα,
1053 4972 1156 5031 καὶ
1194 4970 1298 5047 τὴν
1328 4964 1574 5045 ἰσότητα
1621 4965 1888 5046 ζηλώσας
1939 4962 2198 5049 μεγάλης
2242 4962 2545 5047 ἀποδοχῆς
2588 4963 2822 5045 ἠξιοῦτο
2866 4966 3035 5047 παρὰ
3063 4974 3190 5040 τοῖς
3231 4968 3523 5039 πολίταις.
