4057 5790
1566 573 2128 644 -129--

511 821 748 888 matur
800 811 987 905 (Sol.
1049 813 1217 900 30):
1325 808 1696 907 Γενομένου
1751 811 1824 885 δὲ
1873 813 2109 886 τούτου
2156 816 2271 886 καὶ
2320 823 2441 914 τῆς
2486 816 2749 894 πόλεως
2802 841 3183 915 συνταραχ-

513 949 768 1048 θείσης,
847 953 881 1022 ὁ
942 944 1590 1048 μὲν,Μεγακλῆς
1648 950 1907 1029 εὐθὺς
1957 951 2208 1050 ἔφυγε
2256 953 2425 1050 μετὰ
2474 963 2609 1026 τῶν
2663 953 2885 1026 ἄλλων
2936 950 3183 1026 Ἀλκ-

509 1088 1010 1184 μαιωνιδῶν.
1033 1084 1087 1188 1)
1215 1087 1602 1164 Redundat
1659 1113 1746 1164 ex
1799 1094 2127 1166 omnibus
2204 1094 2342 1187 his,
2422 1092 2811 1170 Isocratem
2886 1094 3185 1170 στάσεως

506 1229 700 1302 illius
752 1229 1032 1303 initium
1089 1250 1233 1302 non
1281 1230 1448 1302 inde
1507 1251 1549 1302 a
1603 1231 1854 1324 tertia,
1909 1232 2034 1304 sed
2088 1253 2131 1304 a
2184 1232 2463 1322 prima
2514 1231 2879 1306 Pisistrati
2930 1239 3177 1325 tyran-

506 1367 674 1440 nide
741 1373 1216 1458 computasse.
1326 1367 1441 1440 De
1493 1368 1624 1442 hac
1673 1344 1756 1440 re
1801 1369 1942 1440 iam
1997 1369 2267 1460 ambigi
2318 1370 2587 1460 nequit.
2694 1367 3183 1461 Redarguitur

508 1526 678 1580 vero
729 1495 1513 1598 praeterea'sententia
1559 1503 2093 1597 Ungeriana
2153 1507 2425 1580 diserto
2480 1506 2931 1582 Herodoti
2986 1509 3182 1582 testi·

507 1645 768 1738 monio,
824 1645 945 1735 qui
977 1642 1436 1717 Pisistratum
1473 1666 1560 1717 ex
1595 1645 1824 1718 altero
1877 1646 2092 1719 exilio
2148 1647 2602 1720 undecimo
2657 1646 2936 1718 demum
2990 1667 3181 1719 anno

507 1782 834 1857 Athenas
891 1782 1187 1856 rediisse
1243 1782 1448 1854 testis
1503 1787 1618 1855 est
1667 1784 1724 1876 Ι,
1779 1785 1910 1856 62;
1995 1775 2121 1862 Ἐξ
2188 1775 2545 1882 Ἐρετρίης
2624 1780 2699 1854 δὲ
2770 1779 3180 1880 ὁρμηθέντες

507 1919 642 1994 διὰ
691 1919 1133 1992 ἑνδεκάτου
1195 1917 1441 1996 ἔτεος
1501 1918 1812 1992 ἀπίκοντο
1879 1921 2117 1993 ὀπίσω.
2222 1921 2435 2013 Quod
2484 1922 2763 2013 quidem
2820 1941 2975 1996 cum
3039 1920 3181 1997 Un-

501 2062 654 2152 geri
706 2060 1226 2151 computatione
1284 2059 1481 2132 nullo
1536 2065 1741 2150 pacto
1795 2067 2036 2152 potest
2084 2060 2505 2135 consociari.
2616 2057 2804 2132 Nam
2860 2062 2923 2133 si
2972 2081 3177 2152 repu-

491 2199 900 2289 taverimus,
929 2197 1397 2272 Pisistratum.
1414 2198 1581 2271 inde
1615 2198 1704 2270 ab
1742 2220 1928 2271 anno
1969 2195 2201 2288 561²)
2238 2205 2527 2290 praeter
2571 2199 2615 2270 d
2646 2220 2685 2271 e
2716 2219 2751 2274 c
2782 2221 2820 2270 e
2852 2218 2917 2270 m
2984 2197 3033 2270 h
3061 2220 3105 2270 o
3136 2219 3170 2270 s

499 2361 722 2412 annos
793 2337 909 2411 vel
993 2337 1260 2410 semel
1341 2337 1668 2409 exulasse
1746 2337 2065 2426 bisque
2130 2343 2506 2427 praeterea
2558 2335 2872 2411 Athenis
2924 2356 3179 2426 regna-

497 2475 708 2568 visse,
783 2475 1070 2548 minime
1144 2473 1302 2546 fieri
1376 2475 1694 2566 potuisse
1775 2473 2181 2563 adparebit,
2265 2480 2345 2546 ut
2395 2475 2536 2548 iam
2594 2470 2814 2569 551s0
2876 2473 3167 2547 tertium

497 2613 946 2707 tyrannidem
1029 2619 1427 2704 occuparet.
1559 2608 1714 2684 Nec
1771 2632 1916 2684 non
1980 2612 2483 2684 animadvertit
2535 2611 2667 2685 hoc
2732 2608 3177 2702 Ungerus„

496 2753 616 2843 qui
673 2771 801 2842 pro
856 2748 960 2822 διὰ
1007 2745 1088 2820 ια’
1149 2747 1332 2828 ἔτεος
1385 2748 1832 2824 Herodotum
1861 2747 1983 2855 ,διὰ
2038 2745 2221 2827 ἔτεος
2285 2751 2652 2842 scripsisse
2728 2749 2902 2823 satis
2976 2769 3183 2839 saga-

499 2890 678 2964 citer
730 2877 1135 2981 coniecit.3)
1241 2885 1388 2963 Sed
1437 2889 1658 2963 miror
1701 2889 2055 2963 hominem
2114 2890 2392 2964 doctum
2426 2888 2555 2961 tali
2592 2889 2799 2961 modo
2835 2910 2985 2961 rem
3022 2908 3181 2963 con-

496 3024 747 3103 fecisse
800 3028 936 3101 sibi
987 3026 1215 3099 visum
1269 3049 1477 3145 esse.⁸
1551 3026 1808 3101 Exstat
1857 3030 2047 3101 enim
2102 3026 2611 3119 testimonium,
2664 3026 3178 3101 nobilissimum

721 3245 790 3331 1)
839 3248 1270 3313 Herodoti
1315 3247 1399 3331 (1,
1452 3246 1562 3330 59)
1643 3252 1708 3312 et
1771 3246 2209 3313 Plutarchi
2279 3246 2448 3316 (Sol.
2503 3247 2616 3328 30)
2692 3246 2779 3311 de
2850 3247 3183 3314 Pisistrati

497 3336 764 3420 imperii
811 3335 1196 3418 primordiis
1242 3335 1666 3398 narrationes
1712 3335 1798 3399 ad
1846 3335 2153 3401 diversos
2193 3333 2481 3399 redeunt
2523 3336 2764 3399 fontes.
2814 3334 3177 3399 Plutarcho

498 3424 565 3487 in
643 3422 747 3487 his
825 3423 1002 3487 vitae
1078 3421 1342 3488 Solonis
1415 3422 1714 3504 partibus
1781 3424 2032 3504 optima
2100 3426 2169 3487 et
2223 3420 2749 3505 locupletissima
2795 3422 3180 3487 testimonia

500 3508 1035 3592 suppeditarunt.
1115 3508 1431 3572 Adfertur
1474 3508 1560 3571 ab
1606 3526 1690 3572 eo
1735 3507 1906 3572 adeo
1953 3508 2163 3591 ipsius
2206 3507 2534 3590 rogatoris
2582 3524 2856 3589 nomem
2908 3526 3060 3571 cum
3107 3510 3175 3572 in

499 3596 884 3659 narratione
929 3595 1315 3659 Herodotea
1388 3612 1611 3677 neque
1656 3596 2025 3674 rogationis
2074 3593 2253 3658 illius
2298 3612 2523 3677 neque
2571 3591 2835 3658 Solonis
2885 3594 3023 3657 ulla
3064 3596 3180 3660 tlat

501 3682 779 3747 mentio.
871 3681 1014 3746 Nec
1061 3680 1146 3745 de
1198 3697 1479 3745 numero
1527 3679 1894 3745 satellitum
1945 3681 2263 3747 convenit
2336 3683 2511 3744 inter
2556 3685 2920 3763 utrumque
2966 3682 3175 3767 scrip·

503 3774 739 3833 torem.
834 3767 977 3832 Iam
1048 3786 1208 3831 vero
1276 3785 1450 3849 quae
1525 3767 1610 3831 de
1671 3766 1918 3832 Solone
1991 3768 2133 3832 fere
2207 3766 2448 3831 iisdem
2521 3765 2742 3831 verbis
2798 3767 3173 3832 retulerunt

494 3854 1094 3918 Plutarchus
1142 3853 1312 3935 (Sol.
1351 3854 1489 3935 30),
1546 3854 2023 3935 Diogenes
2066 3853 2129 3933 (Ι
2172 3850 2381 3936 ξω),
2436 3852 2904 3918 Aelianus
2948 3854 3041 3938 (v,
3102 3854 3169 3921 h.

493 3940 670 4017 vul,
718 3940 832 4019 16)
877 3940 1047 4004 haec
1092 3945 1273 4004 certe
1317 3939 1404 4003 ad
1452 3959 1880 4004 communem
1913 3940 2162 4004 fontem
2195 3940 2579 4005 revocanda
2610 3944 2784 4003 sunt.
2864 3938 3164 4022 cogitari

492 4030 710 4110 potest
751 4025 840 4089 de
887 4026 1414 4108 Hermippo.
2655 4041 2677 4069 ⁸

697 4112 770 4192 2)
817 4111 990 4176 Huic
1057 4130 1236 4176 anno
1308 4111 1572 4175 initium
1631 4112 1958 4179 PIsistrati
2007 4112 2375 4196 tyrannidis
2433 4112 2964 4180 adscribendum
3011 4134 3163 4183 esse

491 4200 668 4263 infra
713 4197 1127 4263 ostendetur.

703 4284 774 4364 3)
820 4284 883 4349 U
913 4304 950 4347 n
979 4302 1080 4367 ge
1107 4304 1244 4349 rus
1289 4289 1638 4368 praeterea
1683 4302 1772 4347 ex
1814 4286 1964 4367 ipsa
2011 4284 2417 4351 Herodoti
2465 4288 2855 4353 narratione
2902 4288 3169 4355 efficere

491 4370 769 4453 studuit,
852 4369 1136 4435 alteram
1185 4372 1360 4435 banc
1407 4372 1739 4435 Pisistrati
1785 4370 2266 4453 relegationem
2318 4394 2359 4437 u
2388 4393 2425 4435 n
2456 4394 2591 4437 um
2636 4376 2751 4438 vix
2796 4378 3171 4441 excessisse

493 4476 768 4521 annum.
825 4456 954 4521 Sed
1003 4476 1108 4521 res
1157 4458 1446 4539 pessime
1492 4459 1691 4521 cessit
1737 4456 1856 4522 illi.
1929 4457 2001 4520 Si
2043 4459 2191 4540 quis
2243 4458 2527 4542 simplici
2576 4468 2799 4525 mente
2843 4480 2943 4542 ea,
2994 4480 3169 4546 quae

492 4544 576 4608 de
651 4550 935 4627 utroque
1006 4543 1209 4609 exilio
1287 4545 1551 4626 scripsit
1619 4543 2022 4625 Herodotus,
2102 4544 2483 4627 perlegerit,
2537 4565 2965 4631 nequaquam
3012 4570 3164 4613 cum

488 4630 762 4713 Unger-o
807 4631 1012 4712 priori
1059 4630 1262 4695 exilio
1311 4635 1464 4695 octo
1507 4648 1746 4710 annos,
1829 4628 2026 4695 alteri
2098 4649 2257 4695 vero
2336 4636 2656 4714 temporis
2730 4634 3165 4700 intervallum

490 4736 667 4780 anno
711 4718 981 4781 brevius
1025 4717 1288 4781 tribuet.
1378 4716 1747 4781 Redundat
1799 4716 1866 4780 id
1930 4718 2207 4782 omnino
2254 4736 2343 4783 ex
2387 4720 2661 4802 copiosa
2706 4721 3032 4787 Herodoti
3077 4723 3163 4788 de

489 4802 700 4867 altero
747 4803 949 4868 exilio
996 4804 1381 4870 narratione
1428 4800 1517 4884 (Ι,
1567 4803 1707 4883 61),
1781 4820 1986 4885 quam
2046 4804 2173 4869 sub
2222 4804 2422 4867 finem
2470 4804 2641 4869 adeo
2688 4807 2781 4870 ita
2827 4812 3161 4873 contraxit

488 4888 625 4953 ine:
705 4891 859 4972 μετὰ
883 4892 950 4953 δὲ
981 4888 1050 4953 οὗ
1085 4892 1292 4978 πολλῷ
1335 4886 1496 4977 λόγῳ
1537 4889 1731 4953 εἰπεῖν
1755 4887 1970 4975 χρόνος
2011 4890 2187 4973 διέφυ
2228 4896 2333 4953 καὶ
2374 4889 2573 4956 πάντα
2619 4891 2899 4979 ἐξήρτυτο
2944 4892 3007 4969 ἐς
3054 4899 3168 4977 τὴν

485 4971 762 5041 κάτοδον.
852 4974 1107 5060 Ungeri
1152 4977 1614 5061 interpretatio
1658 4992 1932 5061 prorsus
1977 4975 2063 5040 ad
2116 4975 2461 5047 libidinem
2510 4977 2689 5044 facta
2737 4984 2861 5047 est.
