4057 5790
1580 535 2095 604 -37-

507 777 676 852 inde
753 776 1202 868 HerodotuS,
1279 734 1619 852 Alcaeum
1671 795 1950 850 carmen
2031 774 2226 850 istud
2302 774 2833 867 Melanippo
2904 775 3178 849 cuidam

505 914 947 1010 Mytilenaeo
997 916 1305 992 misisse.
1398 913 1546 990 Sed
1582 915 1748 988 talis
1803 915 1910 990 rei
1963 915 2287 990 notitiam
2346 935 2489 987 non
2536 920 2671 1008 est,
2724 934 2849 988 cur
2891 937 3033 988 non
3097 935 3182 988 ex

504 1056 663 1149 ipso
742 1061 1070 1149 poemate
1135 1056 1506 1149 percipere
1571 1055 1910 1148 potuerit.
2016 1052 2267 1144 Itaque
2346 1053 2506 1127 fieri
2558 1057 2821 1147 potest,
2900 1059 2981 1126 ut
3026 1073 3185 1127 nar-

509 1195 694 1268 ratio
751 1191 1170 1268 Herodotea
1222 1195 1390 1268 item
1439 1215 1525 1267 ex
1577 1193 1731 1268 solo
1784 1190 2040 1268 Alcaei
2094 1191 2405 1266 carmine
2461 1191 2786 1284 fluxerit,
2862 1191 3183 1282 quamvis

503 1334 790 1426 quidem
847 1334 964 1407 vel
1013 1334 1192 1408 alios
1246 1332 1479 1407 fontes
1532 1333 1642 1406 illi
1698 1332 2191 1428 suppeditasse
2246 1332 2531 1405 minime
2587 1331 3016 1423 negaverim.
3036 1325 3097 1420 ¹)

711 1475 952 1566 Ipsum
996 1472 1288 1554 ‚bellum
1373 1493 1516 1562 qua
1592 1470 1871 1545 ratione
1951 1471 2144 1544 inter
2220 1474 2561 1560 utrosque
2632 1476 2911 1563 gestum
2966 1473 3183 1564 esset,

501 1611 766 1703 optime
823 1611 1154 1702 exposuit
1206 1609 1707 1728 Herodotus
1755 1607 1850 1700 V,
1903 1609 2035 1684 942
2097 1605 2464 1703 ἐπολέμεον
2518 1607 2645 1707 γὰρ
2699 1605 2771 1680 ἔκ
2818 1633 2893 1680 τε
2940 1602 3181 1702 ,Αχιλ-
3294 1574 3368 1607 f..

500 1747 694 1846 ληίου
766 1746 995 1824 πόλιος
1068 1747 1457 1846 ὁρμεόμενοι
1517 1746 1628 1818 καὶ
1699 1743 1844 1841 Σιγ
1866 1747 2043 1817 είου
2120 1747 2357 1845 χρόνον
2424 1745 2534 1818 ἐπὶ
2588 1746 2828 1842 συχνὸν
2874 1740 3217 1852 Μυτιλη--

496 1889 671 1960 ναῒοί
739 1910 814 1960 τε
893 1887 1004 1958 καὶ
1075 1879 1470 1988 ζΑθηναῒοι,
1547 1888 1609 1957 οἱ
1661 1883 1780 1979 μὲν
1837 1884 2265 1962 ἀπαιτέοντες
2316 1885 2437 1984 τὴν
2491 1888 2749 1984 χώρην,
2828 1879 3183 1982 Ἀθηναῖοι
3322 1981 3331 1990 .

503 2025 578 2099 δὲ
631 2023 783 2098 οὔτε
837 2001 1438 2119 συγγινωσκὸᾆενοι.
1547 2022 1726 2098 Cum
1799 2025 1986 2098 enim
2035 2022 2522 2098 Athenienses
2568 2022 2955 2119 Phrynone
3010 2023 3185 2098 duce

501 2164 792 2257 Sigeum
845 2165 1408 2258 occupavissent,
1459 2162 1881 2258 Mytilenaei
1927 2164 2001 2236 in
2058 2163 2211 2236 loco
2267 2163 2493 2237 vicino
2539 2160 3025 2238 Achilleum
3079 2181 3185 2238 ca-

500 2303 786 2377 stellum
830 2304 1312 2394 muniverunt,
1351 2301 1537 2375 unde
1593 2308 2091 2394 oppugnarent
2126 2301 2631 2376 Athenienses.
2686 2299 2941 2378 Refert
2994 2303 3181 2384 enim

499 2439 824 2516 Strabo
862 2462 932 2533 p.
965 2441 1144 2514 6002
1187 2435 1519 2535 Τίμαιον
1557 2437 1632 2510 δὲ
1662 2436 2049 2536 ψεύσασθαί
2084 2464 2287 2538 φησιν
2323 2441 2359 2510 ὁ
2397 2435 2773 2539 Δημήτριος
2804 2443 3185 2538 ἱστοροῦντα
3332 2468 3337 2478 ·

496 2579 570 2651 ἐκ
648 2587 786 2652 τῶν
860 2576 1068 2650 λίθων
1149 2586 1282 2649 τῶν
1363 2577 1434 2659 ἐξ
1489 2573 1682 2648 Ἰλίου
1759 2573 2169 2677 Περίανδρον
2240 2577 2635 2676 ἐπιτειχίσαι
2684 2578 2758 2652 τὸ
2807 2572 3183 2674 Ἀχίλλειον

495 2723 630 2795 τοῖς
652 2711 1066 2814 Ἀθηναίοις,
1123 2713 1506 2816 βοηθοῦντα
1541 2721 1677 2793 τοῖς
1729 2716 1881 2814 περὶ
1938 2713 2277 2799 Πιττακόν,
2334 2715 2853 2815 ἐπιτειχισθῆναι
2901 2716 3021 2812 μὲν
3058 2716 3184 2815 γὰρ

501 2857 630 2930 ὑπὸ
667 2865 801 2928 τῶν
852 2850 1322 2955 Μυτιληναίων
1372 2855 1482 2927 τὸν
1535 2857 1736 2927 τόπον
1784 2861 2010 2928 τοῦτον
2065 2856 2164 2954 τῷ
2216 2853 2478 2954 Σιγείῳ,
2536 2854 2612 2927 οὔ
2666 2856 2797 2955 μὴν
2854 2855 2927 2927 ἐκ
2976 2853 3187 2927 λίθων

498 2997 809 3068 τοιούτων
848 2988 980 3067 οὐδ’
1033 2994 1160 3067 ὑπὸ
1207 3001 1321 3065 τοῦ
1358 2992 1783 3093 Περιάνδρου.
1836 2969 1844 2975 ’
1892 2996 2293 3070 Timaeus
2348 3017 2487 3087 qua
2537 3018 2617 3069 re
2668 2998 3016 3070 adductus
3066 2997 3185 3091 sit,

503 3144 585 3209 ut
635 3135 1040 3209 Periandro
1092 3132 1407 3207 Achillei
1461 3136 2016 3210 exstructionem
2075 3135 2453 3227 tribueret,
2520 3136 2848 3227 exputari
2910 3135 3179 3226 nequit.

501 3272 646 3349 Sed
701 3291 1122 3364 quamquam
1179 3296 1268 3347 ne
1306 3274 1810 3348 Demetrius
1858 3274 2141 3365 quidem
2186 3272 2519 3368 Scepsius
2568 3274 2795 3365 magis
2846 3273 3187 3367 hab-uisse

499 3410 809 3507 videtur,
895 3433 1104 3505 quam
1182 3432 1337 3505 noS,
1418 3433 1558 3501 quo
1637 3411 1912 3485 Timaei
1991 3412 2189 3484 illam
2248 3411 2673 3485 sententiam
2726 3408 3177 3503 infringeret,

501 3554 738 3627 tamen
793 3551 970 3625 mihi
1016 3551 1248 3641 ipsum
1298 3550 1430 3623 hoc
1469 3554 1962 3640 argumentum
2015 3558 2166 3626 πῶς
2219 3547 2344 3645 γὰρ
2400 3546 2479 3619 ἂν
2527 3545 2883 3647 αἱρεθῆναι
2935 3547 3193 3645 διαιτη-

503 3687 626 3785 τὴν
699 3686 809 3757 τὸν
879 3686 1512 3785 προπολεμοῦντας
1583 3684 1905 3760 sufficere
1956 3686 2241 3760 videtur
2292 3686 2381 3759 ad
2435 3685 2867 3759 reiciendum
2924 3686 3197 3761 Timaei

501 3825 1010 3899 testimonium.
1075 3822 1324 3915 Negat
1361 3830 1752 3927 praeterea
1801 3824 2201 3917 praefracte
2240 3824 2655 3897 Demetrius
2709 3817 3185 3898 Achilleum

500 3984 586 4037 ex
635 3962 994 4056 lapidibus
1049 3963 1282 4037 Iliacis
1336 3984 1496 4037 esse
1557 3969 2013 4050 exstructum,
2073 3965 2269 4043 cuius
2307 3964 2416 4035 rei
2468 3963 2833 4055 memoria,
2886 3984 3011 4038 cur
3046 3985 3187 4037 non

498 4123 584 4173 ex
665 4102 926 4194 optimo
993 4100 1188 4174 fonte
1271 4103 1668 4175 manaverit
1722 4103 1812 4174 ad
1865 4100 2231 4195 Scepsium
2288 4102 2429 4175 n'on
2487 4100 2713 4175 video.
2824 4102 2965 4173 Iam
3017 4122 3187 4173 vero

495 4257 650 4313 cum
705 4240 922 4314 etiam
988 4239 1340 4313 Plinius
1393 4240 1463 4311 h.
1517 4263 1587 4312 n.
1645 4238 1741 4334 V,
1799 4240 1890 4313 33
1950 4238 2429 4335 Mytilenaeos
2510 4238 2705 4333 ipsos
2776 4235 3185 4316 Achilleum

719 4511 788 4591 1)
864 4512 1163 4580 Alcaei
1224 4516 1450 4597 fugam
1496 4514 1690 4578 multi
1736 4534 1820 4580 ex
1868 4516 2353 4583 recentioribus
2427 4515 2793 4581 admodum
2868 4532 3187 4599 perverse

503 4602 1054 4682 aestimaverunt,
1117 4622 1270 4666 eum
1325 4602 1768 4667 Athenienses
1815 4618 1922 4683 eo,
1995 4602 2175 4686 quod
2226 4601 2459 4667 Alcaei
2504 4609 2767 4668 scutum
2815 4604 2880 4666 in
2928 4600 3184 4685 templo

503 4705 626 4753 suo
691 4685 1240 4769 suspendissent,
1308 4689 1810 4755 demonstrasse
1880 4694 2216 4773 putarent,
2292 4689 2467 4753 haud
2538 4692 2729 4773 parvi
2794 4689 2949 4753 duci
3008 4708 3051 4752 a
3106 4703 3182 4755 se

504 4778 748 4856 poetae
803 4778 1117 4839 virtutem
1201 4774 1530 4858 (Ulriei,
1581 4775 1827 4840 Geseh.
1861 4776 1930 4839 d.
1970 4775 2126 4841 hell.
2166 4776 2434 4840 Dichtk.
2468 4774 2529 4838 Π
2560 4796 2623 4859 p.
2658 4776 2809 4839 353.
2859 4776 2949 4839 Pl
2976 4776 3175 4858 ehu,

507 4858 698 4926 Lesb.
744 4880 813 4945 p.
864 4860 1048 4927 170..
1105 4862 1476 4927 Schoene
1521 4864 1567 4925 l.
1613 4861 1660 4928 l.
1709 4882 1776 4945 p.
1830 4860 2007 4944 ¹750).
2100 4858 2255 4945 Qua
2298 4862 2385 4926 de
2424 4880 2501 4927 re
2546 4862 2883 4946 quomodo
2914 4867 3181 4927 veteres

507 4945 950 5011 iudicaverint
973 4950 1122 5031 ipsi,
1153 4966 1240 5011 ex
1263 4948 1715 5013 Plutarcho
1748 4948 1867 5027 (de
1895 4950 2054 5013 Her.
2086 4946 2247 5013 mal.
2280 4946 2390 5033 15)
2415 4950 2573 5013 satis
2592 4951 3023 5033 conspicuum
3049 4958 3177 5015 est.
