4057 5790
1559 635 1657 646 —-
1773 595 1912 664 105
2025 635 2117 646 ——

523 831 778 904 εἵλοντο
820 827 1140 904 Πιττακὸν
1194 830 1360 929 πρὸς
1411 829 1562 908 τοὺς
1615 831 1916 928 φυγάδας
1968 831 2119 908 τοὺς
2149 831 2299 929 περὶ
2329 825 2643 904 Ἀλκαῖον
2678 830 2789 902 τὸν
2824 827 3193 926 ποιητήν.’)

517 969 821 1062 Cogitur
849 991 934 1044 ex
963 971 1544 1066 locupletissimis
1596 971 1852 1045 horum
1894 971 2315 1063 scriptorum
2370 971 2820 1063 testimoniis,
2879 991 2965 1042 ea
3011 989 3192 1058 quae

517 1109 705 1202 apud
759 1108 1252 1199 Diogenem
1303 1111 1392 1182 de
1439 1109 1704 1183 Pittaci
1753 1111 2054 1202 imperio
2108 1116 2183 1183 et
2235 1109 2627 1206 honoribus
2680 1108 2947 1199 scripta
3000 1112 3191 1200 sunt,

523 1265 674 1320 cum
737 1247 927 1323 bello
984 1249 1218 1322 Attico
1273 1249 1559 1322 omnino
1616 1269 1754 1320 non
1813 1248 2219 1332 cohaerere,
2278 1248 2403 1320 sed
2450 1248 2540 1321 ad
2588 1246 2946 1342 posterius
2989 1246 3191 1333 illud,

523 1357 712 1476 quod
770 1391 1020 1461 contra
1070 1386 1312 1460 exules
1363 1387 1772 1478 gerebatur,
1829 1385 2095 1458 bellum
2145 1387 2533 1479 pertinere.

729 1523 1080 1599 Exulibus
1135 1526 1430 1599 devictis
1484 1528 1556 1597 in
1609 1526 1766 1617 ipsa
1801 1523 2041 1598 Lesbo
2090 1525 2323 1597 insula
2377 1545 2599 1598 novae
2636 1543 2967 1614 agrorum
3016 1521 3196 1594 adsi-

521 1663 900 1752 gnationes
956 1662 1178 1738 factae
1228 1665 1582 1737 videntur.
1685 1660 1846 1736 Huc
1899 1668 2245 1754 spectant,
2330 1683 2508 1753 quse
2574 1661 2761 1754 apud
2811 1661 3192 1754 scriptores

519 1801 608 1874 de
659 1821 834 1892 agro
889 1801 1016 1874 illo
1067 1801 1472 1877 Pittacio
1552 1807 1627 1874 et
1698 1801 1787 1875 de
1843 1805 2128 1894 tyranni
2182 1801 2592 1876 innocentia
2670 1799 2935 1872 tradita
3000 1803 3189 1872 sunt.

523 1936 746 2011 Cuius
801 1940 907 2012 rei
983 1941 1542 2030 antiquissimam
1597 1939 2006 2012 memoriam
2064 1937 2252 2030 apud
2306 1933 2925 2033 Sosicratem2)
3006 1936 3195 2008 inve·

527 2075 782 2160 nimuS‚
872 2076 994 2164 qui
1075 2075 1288 2148 ctiam
1343 2075 1602 2150 Pittaci
1673 2075 1841 2148 dicti
1921 2078 2300 2165 genuinam
2374 2074 2670 2148 formam
2752 2073 3198 2148 conservavit

519 2210 768 2303 (Diog.
824 2210 911 2284 L.
967 2211 1003 2288 I
1055 2210 1280 2310 §·75)
1355 2211 1430 2284 τὸ
1481 2212 1682 2309 ἥμισυ
1736 2217 1851 2284 τοῦ
1904 2212 2153 2290 παντὸς
2204 2213 2433 2286 πλεῖον
2514 2203 2631 2315 (cf.
2672 2211 2971 2286 Hesiod.
3026 2209 3195 2308 ἔργα

523 2345 677 2448 40).
762 2349 952 2423 Hinc
1005 2358 1292 2442 postero
1342 2331 1662 2443 tempore
1719 2373 1827 2444 ea,
1884 2373 2066 2443 quae
2119 2352 2579 2426 Diodorus
2631 2351 2851 2424 habet
2898 2348 2999 2439 (τὸ
3052 2347 3192 2422 ἴσον

519 2484 658 2556 ἐστὶ
712 2491 827 2557 τοῦ
872 2486 1176 2564 πλείονος
1235 2485 1495 2585 πλεῖον)
1553 2487 1870 2564 confecta
1923 2485 2193 2586 sunm)
2300 2487 2609 2564 Omnino
2674 2495 2909 2562 autem
2956 2488 3195 2578 singu-

519 2626 753 2698 lorum
812 2627 1236 2718 scriptorum
1293 2628 1571 2710 de,hac
1623 2647 1836 2702 causa
1889 2627 2369 2726 testimonia⁴)
2424 2629 2485 2702 si
2532 2628 2764 2702 acrius
2810 2626 3195 2719 perlustra-

733 2918 804 2996 1)
890 2914 1215 2999 Congruit
1309 2938 1462 2983 cum
1559 2919 1661 2981 his
1758 2917 2138 2983 luculenter
2240 2919 2427 2983 locus
2537 2918 3189 3001 Strabonianus

515 3024 578 3087 p.
629 3002 778 3067 61¹7:
859 3006 1166 3081 Πιττακὸς
1238 3003 1304 3067 δ’
1375 3006 1463 3081 εἷς
1533 3010 1641 3087 μὲν
1688 3008 1792 3084 τὴν
1832 3008 1952 3069 τῶν
1995 3006 2364 3068 δυναστειῶν
2404 3002 2734 3071 κατάλυσιν
2786 3001 3079 3089 ἐχρήσατο
3122 3006 3193 3097 τῇ

510 3092 815 3176 μοναρχίᾳ,
867 3094 969 3151 καὶ
1028 3087 1226 3171 αὖτός,
1299 3088 1639 3165 καταλῦσας
1696 3093 1764 3155 δὲ
1821 3089 2100 3155 ἆπέδωκε
2140 3094 2245 3171 τὴν
2287 3090 2648 3173 αὗτονομίαν
2689 3089 2759 3183 τῇ
2803 3090 2999 3154 πόλει.
3096 3090 3193 3155 De
3265 3148 3277 3157 .

515 3173 652 3239 ulla
687 3176 1252 3259 Mytilenaeorum
1295 3177 1676 3260 largitione,
1725 3188 1878 3263 post
1921 3178 2163 3241 Pittaci
2208 3183 2548 3241 certamen
2597 3176 2941 3259 singulare
2984 3176 3185 3257 facta,

519 3260 696 3344 apud
747 3262 1146 3327 Strabonem
1195 3262 1418 3327 nihil
1466 3269 1708 3327 exstat.
1809 3262 2053 3327 Relata
2097 3263 2330 3327 Pittaci
2378 3265 2657 3328 victoria
2726 3262 2841 3327 ille
2906 3263 3193 3328 subinde

515 3348 616 3411 his
666 3351 901 3431 pergit:
949 3353 1230 3431 μένοντος
1274 3348 1340 3411 ‹5’
1385 3348 1474 3411 ἔτι
1514 3352 1620 3413 τοῦ
1662 3353 1929 3432 πολέμου
1967 3350 2346 3433 Περίανδρος
2404 3351 2707 3430 διαιτητὴς
2748 3346 3023 3437 αἱρεθεὶς
3076 3346 3193 3413 ὕπὸ

513 3432 742 3517 ἀμφοῖν
772 3436 946 3501 ἔλυσε
987 3437 1090 3498 τὸν
1133 3433 1418 3518 πόλεμον.

729 3522 806 3597 2)
853 3522 956 3584 De
1003 3521 1147 3585 eius
1192 3528 1436 3585 aetate:
1487 3521 1570 3585 H.
1621 3521 1884 3603 Diels,
1937 3522 2027 3586 M.
2085 3521 2210 3585 Rh.
2260 3520 2492 3585 XXXI
2538 3541 2604 3605 p.
2656 3522 2742 3585 20
2787 3540 2889 3604 sq.

739 3608 804 3687 3)
853 3608 1041 3673 Haec
1087 3608 1454 3673 admodum
1502 3627 1712 3692 prave
1757 3609 2016 3692 accepit
2058 3607 2487 3673 Kluberus
2530 3608 2578 3672 l.
2629 3607 2673 3674 l.
2726 3628 2791 3691 p.
2842 3608 2947 3675 26.

737 3694 804 3775 4)
859 3692 1030 3757 Cum
1080 3695 1261 3757 enim
1306 3695 1479 3779 apud
1540 3694 2000 3777 Diogenem
2065 3694 2122 3777 (Ι
2171 3696 2211 3775 ξ
2256 3692 2367 3775 ’75)
2416 3693 2805 3777 Mytilenaei
2873 3696 3194 3762 universe

523 3778 776 3844 Pittaco
824 3798 1062 3862 agrum
1110 3780 1492 3846 attribuisse
1539 3781 1870 3855 dicantur,
1933 3780 2356 3845 Diodorus
2404 3778 2533 3861 (IX
2576 3782 2657 3843 fr.
2698 3780 2783 3844 18
2833 3778 3081 3855 Bekk.)
3126 3786 3195 3845 et

514 3864 926 3930 Valerius
1001 3866 1422 3931 Maximus
1511 3866 1662 3949 (VI,
1737 3869 1778 3929 5
1821 3866 1980 3933 Ext.
2030 3863 2100 3950 1)
2174 3867 2317 3949 agri
2386 3870 2765 3951 recuperati
2840 3866 3194 3933 dimidiam

523 3958 780 4034 partem
830 3971 871 4016 a
918 3953 1176 4016 civibus
1222 3956 1282 4017 ei
1330 3952 1626 4017 oblatam
1674 3970 1824 4017 esse
1868 3954 2189 4017 referunt.
2253 3953 2394 4016 Iam
2443 3972 2602 4017 vero
2647 3953 2781 4017 alia
2828 3956 3196 4017 memoriae

525 4038 1012 4103 mandaverunt
1060 4036 1576 4104 Cornelius
1619 4040 1930 4123 Nepos
1977 4046 2045 4103 et
2092 4039 2693 4114 Plutarchus..
2747 4057 3033 4123 quorum
3078 4040 3197 4105 ille

515 4124 792 4207 (Thrae.
843 4122 914 4207 4)
999 4125 1210 4189 multa
1257 4126 1444 4191 milia
1493 4127 1822 4212 iugerum,
1906 4127 2014 4190 hic
2091 4138 2343 4210 (praec.
2398 4128 2497 4188 rei
2544 4126 2730 4209 publ.
2782 4145 2924 4208 ger.
2976 4146 3036 4192 c.
3086 4125 3197 4207 2¹7)

510 4216 844 4293 quantum
894 4212 1194 4275 Pittacus
1241 4212 1566 4277 voluisset
1613 4215 1776 4296 ipse,
1853 4214 2033 4276 cives
2082 4214 2143 4276 ei
2189 4212 2581 4294 adsignasse
2626 4213 2957 4296 perhibet.
3054 4213 3198 4278 Nec

510 4298 738 4379 magis
787 4295 917 4361 sibi
963 4304 1295 4375 constant,
1346 4318 1522 4383 quae
1567 4299 1652 4363 de
1698 4298 2078 4365 Pittaco
2125 4300 2271 4383 ipso
2321 4298 2566 4363 tradita
2612 4303 2791 4376 sunt,
2842 4316 3042 4382 quem
3078 4298 3197 4363 alii

510 4382 650 4447 alia
729 4402 926 4447 usum
998 4401 1144 4448 esse
1190 4387 1452 4451 rat-ione
1501 4391 1846 4449 testantur.
1939 4385 2046 4450 Ita
2122 4386 2609 4467 Diogenes
2684 4385 3019 4452 Pittacum
3092 4385 3194 4449 dis

511 4474 732 4532 totum
781 4488 1014 4554 agrum
1062 4472 1351 4547 vovisse,
1436 4472 1992 4541 Sosicrates
2040 4490 2291 4556 aequas
2340 4476 2563 4554 partes
2609 4470 2893 4553 singulis
2942 4472 3194 4535 civibus

511 4555 944 4638 adsignasse,
998 4557 1462 4623 Plutarch
1490 4578 1584 4622 us
1633 4563 1888 4623 tantum
1937 4559 2138 4623 modo
2183 4558 2330 4639 agri
2376 4559 2503 4622 sibi
2548 4559 2937 4641 sumpsisse,
2987 4576 3195 4641 quan-

512 4646 654 4704 tum
753 4642 992 4708 hastae
1085 4646 1218 4707 ictu
1307 4646 1698 4728 contingere
1785 4646 2135 4729 potuisset,
2226 4644 2285 4710 N
2311 4661 2484 4727 epo
2512 4662 2543 4707 s
2620 4650 2891 4709 centum
2934 4644 3194 4726 iugera,

510 4726 982 4793 Valerius
1058 4730 1350 4814 denique
1424 4749 1578 4795 eum
1656 4733 1929 4796 omnino
2003 4733 2089 4796 ab
2155 4729 2271 4795 illo
2350 4748 2629 4795 munere
2674 4748 2748 4795 se
2796 4730 3198 4796 abstinuisse

521 4813 749 4879 refert.
843 4816 986 4882 Iam
1070 4836 1226 4883 vero
1299 4836 1448 4883 cum
1525 4819 1701 4883 inter
1769 4819 2072 4903 dispersa
2119 4818 2285 4885 haec
2337 4816 2755 4901 singulorum
2798 4818 3200 4901 scriptorum

511 4900 918 4969 testimonis
986 4922 1258 4986 prorsus
1331 4904 1519 4969 nulla
1591 4905 1963 4971 intercedat
2031 4905 2225 4987 rati0,
2319 4906 2407 4969 ad
2483 4910 2699 4971 certos
2764 4908 3070 4975 auctores
3116 4922 3197 4973 ea

509 5002 840 5051 revocare
888 5006 1172 5074 nequeo.
