4057 5790
1579 567 2089 638 ...53-

502 803 790 882 Bellum
848 803 1287 897 Megarense
1361 808 1583 898 igitur
1631 807 1784 882 fere
1835 829 1922 882 eo
1981 808 2351 904 decennio,
2422 809 2613 901 quod
2664 807 3034 882 Pisistrati
3084 813 3188 904 ty·

502 943 786 1032 rannidi
875 945 1301 1032 antecessit,
1383 950 1660 1036 gestum
1745 967 1903 1020 esse
1927 1001 1948 1040 ,
2027 964 2272 1022 omnes
2351 947 2570 1022 habet
2650 945 3183 1043 probabilitatis

503 1102 857 1156 numeros.
1129 1168 1136 1184 ⁶

706 1217 862 1296 Nec
897 1221 1122 1313 magis
1157 1241 1456 1296 rorum
1503 1221 1899 1314 ipsarum
1953 1220 2085 1296 hoc
2132 1219 2325 1295 bello
2352 1226 2713 1314 gestarum
2744 1222 3030 1312 integra
3076 1225 3190 1296 est

503 1360 869 1434 memoria.
947 1355 1394 1452 Conspicuas
1438 1359 1882 1452 potissimum
1921 1356 2104 1431 duae
2143 1379 2259 1434 res
2298 1365 2499 1438 sunt:
2550 1356 3035 1434 Salaminis
3087 1358 3190 1432 in-

503 1498 702 1574 sulae
731 1498 1102 1590 occupatio
1130 1505 1202 1573 ot
1228 1495 1340 1572 Ni
1357 1521 1392 1572 s
1415 1519 1456 1571 a
1476 1520 1662 1592 eae,
1689 1499 2141 1590 Megarorum
2166 1508 2440 1592 portuS,
2462 1487 2863 1590 oppressio.
2920 1495 3189 1573 Neces-

508 1639 771 1712 sarium
848 1642 984 1730 est,
1061 1634 1427 1713 Salamina
1479 1633 1964 1712 Athenienses
2050 1637 2384 1713 habuisse
2468 1641 2909 1730 occupatam,
2965 1637 3189 1730 prius·

507 1797 715 1868 quam
772 1773 1112 1850 Nisaeam
1167 1775 1604 1880 obsiderent.
1710 1775 1853 1870 Qui
1907 1777 2083 1851 ordo
2138 1775 2386 1850 rerum'
2443 1775 2779 1850 Iustini
2824 1777 2913 1868 II,
2985 1775 3185 1848 ‘7--8

507 1907 909 1997 nar'rationi
939 1913 1151 2004 plane
1182 1912 1594 2007 respondet,
1619 1918 1908 2006 praeter
1951 1935 2159 2005 quem
2190 1935 2397 1990 nemo
2434 1935 2552 1988 res
2566 1913 2701 1990 hoc
2729 1913 2920 1988 bello
2948 1919 3189 2005 gest-as

509 2051 934 2128 continuata
989 2051 1310 2125 oratione
1365 2051 1765 2143 descripsit.
1783 2045 1833 2148 ¹)
1950 2049 2295 2145 Iustinus,
2375 2058 2747 2144 postquam
2828 2049 3192 2128 Salamina

517 2189 1073 2265 Atheniensium
1127 2188 1380 2265 factam
1441 2211 1598 2264 esse
1667 2191 2263 2284 commemoravit,
2342 2193 2571 2284 capite
2648 2193 2719 2262 8.
2785 2190 2897 2264 his
2956 2188 3193 2284 pergit

507 2328 792 2402 verbis:
907 2330 1218 2419 ,Interea
1272 2326 1768 2421 Megarenses,
1807 2349 2185 2410 „memores
2238 2328 2423 2402 illati
2477 2328 2567 2401 ab
2623 2326 3187 2402 Atheniensibus

513 2465 693 2540 belli
745 2471 822 2542 et
875 2445 1185 2559 deserti,
1222 2488 1312 2539 ne
1359 2465 1630 2542 frustra
1677 2488 1873 2541 arma
1919 2467 2224 2541 movisse
2276 2466 2711 2541 viderentur'
2740 2488 2845 2557 sq.
2864 2459 2930 2562 ²)
3010 2463 3189 2538 Sub-

507 2605 828 2695 sequitur
878 2603 1378 2682 Pisistrati
1429 2605 1611 2680 illud
1666 2612 2123 2699 stratagema,
2152 2604 2340 2696 quod
2388 2603 2686 2698 perinde
2736 2604 3189 2679 tradiderunt

509 2741 798 2819 Aeneas
853 2749 931 2818 et
973 2744 1393 2840 Frontinus,
1450 2746 1862 2836 adiungitur
1909 2743 2297 2818 Nisaeae
2352 2744 2741 2835 occupatio.

711 2881 1232 2987 Dunckerus
1291 2882 1380 2959 G.
1439 2884 1504 2958 d.
1561 2886 1647 2959 A.
1699 2875 1848 2957 V1⁵
1912 2906 1988 2975 p.
2041 2883 2189 2955 145
2272 2882 2359 2956 de
2440 2879 2699 2957 Iustini
2778 2878 3185 2955 narratione

505 3021 675 3095 haec
728 3021 946 3126 verba
997 3019 1200 3095 facit:
1283 3021 1623 3107 ,Iustin
1654 3019 1754 3115 II,
1799 3024 1839 3093 7
1875 3021 2015 3095 und
2050 3023 2095 3093 8
2148 3020 2306 3095 halt
2356 3020 2471 3094 die
2525 3020 2714 3095 That
2766 3020 2892 3095 des
2940 3017 3189 3112 Solon,

505 3159 618 3231 die
673 3157 1077 3233 Einnahme
1133 3181 1269 3234 von
1311 3157 1624 3235 Salamis
1677 3160 1822 3233 und
1875 3160 1988 3232 die
2044 3165 2331 3251 spiitere
2386 3159 2513 3232 des
2571 3156 3021 3251 PisistratuS,
3072 3158 3187 3231 die

503 3295 904 3371 Einnahme
986 3319 1124 3373 von
1196 3296 1456 3373 Nisaia
1535 3299 1609 3371 in
1679 3296 1903 3389 Folge
1985 3298 2113 3369 des
2162 3296 2724 3387 verungliickten
2773 3293 3186 3371 Ueberfalls

505 3435 640 3508 der
691 3432 1170 3526 Megarenser
1240 3457 1348 3509 am
1407 3434 1856 3526 Vorgebirge
1906 3433 2163 3507 Kolias
2226 3433 2394 3506 sehr
2446 3434 2808 3507 bestimmt
2860 3455 2989 3507 aus
3044 3434 3189 3506 ein-

505 3574 780 3648 ander.‘
889 3572 1034 3647 Sed
1110 3574 1244 3648 hoc
1305 3574 1639 3648 iudicium
1704 3573 1902 3646 nulla
1963 3579 2169 3667 parte
2224 3570 2516 3666 probari
2566 3577 2827 3667 potest.
2930 3569 3185 3663 Neque

505 3712 690 3785 enim
772 3712 1088 3787 Iustinus
1162 3712 1312 3784 ullo
1393 3710 1547 3786 loco
1602 3708 1986 3787 Salaminis
2062 3710 2656 3802 expugnationem
2736 3705 3019 3783 Solonis
3068 3716 3187 3805 fa·-

504 3852 690 3920 cinus
779 3855 984 3924 vocat
1099 3868 1226 3923 nec
1327 3850 1713 3941 quidquam
1813 3848 2031 3922 habet
2128 3853 2565 3941 compertum
2648 3848 2735 3921 de
2822 3849 3189 3921 calamitoso

709 4106 778 4193 1)
828 4108 974 4172 Per
1013 4127 1085 4174 se
1133 4108 1401 4195 quidem
1438 4126 1639 4193 quem
1688 4107 1964 4173 exhibet
2009 4106 2413 4173 Iustinus
2459 4105 2762 4173 ordinem
2792 4124 3019 4171 rerum
3050 4122 3185 4172 non

505 4194 699 4259 nauci
749 4195 1048 4259 fecerim.

701 4282 770 4363 2)
819 4278 1042 4365 Quam
1091 4282 1552 4345 narrationem
1605 4279 1910 4345 nonnulli
1956 4280 2365 4345 recentiores
2411 4298 2564 4343 curn
2611 4295 2715 4361 eo,
2762 4278 2941 4362 quod
2986 4298 3191 4363 supra

504 4366 868 4450 attulimus,
923 4368 1379 4433 Plutarchi
1426 4368 1808 4432 testimonio
1843 4366 2009 4447 (Sol.
2049 4365 2161 4450 12)
2193 4368 2561 4431 iunxerunt
2602 4364 3188 4448 Iustinumque

513 4459 750 4520 testem
783 4454 1229 4538 protulerunt,
1266 4456 1432 4519 duo
1480 4453 1681 4530 bella,
1732 4455 2047 4536 temporis
2078 4453 2295 4536 spatio
2324 4454 2500 4517 inter
2545 4471 2619 4516 se
2664 4452 2984 4534 diiuncta,
3035 4470 3190 4517 cum

509 4542 1022 4623 Megarensibus
1050 4561 1200 4606 esse
1227 4547 1442 4624 gesta,
1474 4539 1762 4604 alterum
1789 4539 2151 4620 Solonis,
2180 4539 2465 4602 alterum
2494 4538 2939 4604 Pisistrati
2971 4540 3189 4623 auspi·

507 4630 645 4693 ciis.
695 4628 826 4692 Sed
873 4627 1024 4693 luce
1073 4629 1323 4693 elarius
1373 4632 1497 4707 est,
1551 4634 1907 4710 utrumque
1961 4628 2353 4709 scriptorem
2401 4644 2543 4689 rem
2590 4624 3001 4689 intellexisse
3048 4631 3189 4691 toto

507 4715 698 4780 coelo
742 4716 1185 4780 diversam.
1257 4714 1772 4795 Megarensium
1824 4714 2002 4776 enim
2050 4731 2218 4796 quos
2267 4718 2749 4776 commemorat
2795 4710 3189 4775 Plutarchus

507 4805 788 4867 eventus
835 4800 1164 4881 (Salamis
1217 4806 1284 4865 et
1313 4800 1566 4865 Nisaea
1598 4798 2069 4883 recuperatae)
2118 4800 2397 4865 minime
2444 4798 2780 4881 quadrant
2822 4798 2909 4861 ad
2956 4798 3189 4863 lustini

503 4890 994 4965 ,nari-ationem,
1053 4891 1165 4971 qui
1209 4886 1664 4967 Megarenses,
1716 4884 2145 4950 Salamine
2204 4885 2479 4963 amissa,
2524 4902 2639 4967 ,ne
2694 4886 2940 4949 frustra
3000 4904 3189 4951 arma

525 4977 816 5039 movisse
861 4974 1274 5039 viderentur‘
1323 4972 1578 5038 bellum
1625 4974 2055 5038 continuasse
2102 4972 2289 5037 testis
2334 4976 2455 5037 est.
