4057 5790
1567 625 1669 646 -
1778 567 1922 663 13'5
2032 619 2133 644 --

497 853 720 926 quam
773 835 894 907 diu
940 833 1160 908 στάσις
1215 833 1524 908 Athenis
1555 833 1979 932 ⁸saeviisset,
2012 827 2075 925 ¹)
2143 831 2278 904 soli
2340 829 2435 916 10
2492 825 2603 904 illi
2655 825 2952 906 aiterius
3000 824 3196 906 exilii

531 973 700 1044 anni
749 972 1148 1046 deducendi
1192 981 1404 1044 erant
1455 972 1542 1044 de
1593 973 1747 1066 ipso
1802 993 1886 1043 eo
1939 981 2287 1063 tempore,
2370 971 2555 1061 quod
2635 972 2801 1044 inde
2878 995 2920 1043 a
2971 973 3199 1063 prima

519 1109 884 1183 Pisistrati
939 1111 1319 1203 tyrannide
1373 1131 1600 1200 nsque
1650 1111 1738 1181 ad
1779 1107 2093 1200 Hippiae
2126 1110 2596 1183 texactionem
2632 1110 3197 1201 praeterlapsum

523 1259 707 1341 erat,
761 1250 1046 1320 minime
1102 1270 1272 1321 vero
1305 1249 1566 1339 prioris
1619 1247 2079 1338 relegationis
2130 1255 2405 1340 tempus
2447 1209 2560 1319 bic
2599 1246 2846 1320 debuit
2885 1255 3199 1339 praeter-

521 1386 730 1458 mitti.
838 1386 1047 1478 Quod
1093 1389 1154 1459 si
1206 1387 1570 1479 sumimus,
1641 1387 1778 1458 iam
1848 1407 2093 1458 omnes
2149 1361 2547 1476 temporum
2599 1383 3055 1460 difficultates
3104 1386 3199 1458 fa·

521 1523 780 1596 cillime
842 1531 1294 1599 evanescunt.
1430 1523 1629 1598 Haec
1681 1525 2136 1617 computati0‚
2218 1525 2417 1598 cuius
2464 1525 2803 1596 memoria
2858 1524 3073 1597 etiam
3123 1525 3197 1596 in

524 1626 1062 1736 Aristotelis
1115 1663 1518 1736 Politias
1563 1663 1879 1758 irrepsit,
1927 1656 2252 1735 Isocratis
2306 1661 2747 1753 temporibus
2784 1663 3029 1753 procul
3078 1663 3201 1736 du-

521 1798 640 1872 bio
691 1801 998 1873 Athenis
1053 1803 1229 1874 satis
1282 1801 1418 1874 fuit
1480 1809 1886 1893 pervagata.
2015 1797 2173 1874 Nec
2230 1810 2633 1890 repugnant
2708 1801 2873 1874 huic
2930 1801 3198 1874 calculo

473 1931 632 2029 'ea,
726 1959 906 2029 quae
989 1939 1065 2010 in
1157 1937 1579 2010 Politicis
1673 1938 1786 2009 his
1875 1937 1962 2010 de
2036 1938 2255 2009 rebus
2337 1939 2665 2029 exposuit
2744 1938 3201 2012 Aristote-

385 2157 396 2166 ,
521 2076 676 2149 les.
788 2076 1249 2169 Quapropter
1299 2099 1530 2167 neque
1583 2077 2119 2150 in-Aristotelis
2172 2078 2455 2148 nomine
2494 2076 2930 2149 haerendum
2967 2097 3198 2166 neque
3256 2037 3263 2054 Ι

529 2216 616 2308 ia,
666 2217 788 2306 qui
836 2180 910 2286 in
963 2217 1234 2290 scholio
1285 2217 1588 2306 scriptus
1645 2222 1779 2307 est,
1828 2183 2168 2287 numerus
2218 2214 2720 2287 immutandus.
2810 2211 3206 2288 Lucramur

519 2367 760 2425 autem
815 2354 980 2425 hinc
1007 2354 1121 2460 yel
1193 2354 1424 2425 aliud:
1530 2363 1832 2446 possunt
1893 2357 2080 2426 enim
2133 2355 2461 2427 nunciam
2524 2353 2637 2424 vel
2697 2353 2941 2444 paullo
3004 2372 3201 2428 accu-

522 2493 773 2583 ratiuS,
825 2512 1031 2582 quam
1080 2481 1308 2566 adime
1342 2491 1599 2564 factum
1645 2502 1822 2576 erat,
1864 2494 2061 2583 ipsae
2115 2496 2429 2564 rationes
2486 2491 2665 2562 duci.
2723 2484 3198 2564 Isocrates

523 2631 952 2721 summatim,
1007 2631 1128 2720 qui
1164 2629 1468 2703 fortasse
1523 2632 1740 2721 vulgo
1793 2629 2240 2720 ferebantur,
2316 2633 2413 2702 40
2467 2652 2691 2702 annos
2744 2628 3203 2722 comprehen-

525 2767 652 2840 dit.
760 2767 1334 2840 Aristoteles
1388 2790 1587 2842 -vero
1667 2778 1748 2841 ut
1823 2788 1974 2842 cum
2058 2768 2431 2842 Herodoto
2522 2766 2649 2866 (V,
2720 2769 2847 2861 65)
2896 2770 3003 2840 ita
3045 2788 3256 2850 cum⁸

523 2900 832 2982 Isocrate
887 2930 1029 2979 uno
1087 2908 1450 2999 discrepat
1499 2930 1713 2982 anno.
1794 2907 2002 2999 Quod
2054 2930 2221 2981 num
2272 2916 2540 2981 temere
2579 2906 2826 2979 fecerit
2875 2906 3024 3000 ille,
3074 2907 3198 2978 du·

525 3044 694 3118 bito.
751 3039 892 3117 Iam
928 3065 1100 3117 vero
1151 3066 1306 3119 cum
1362 3067 1449 3118 ex
1492 3043 1932 3117 Herodoti
1987 3047 2395 3118 testimonio
2436 3043 2781 3137 (ἀπίκοντο
2829 3044 3045 3115 ὀπίσω
3088 3042 3195 3116 διὰ

525 3180 868 3252 ἑνδεκάτου
907 3179 1126 3275 ἔτεος)
1156 3183 1642 3255 exulaveritne
1689 3181 2115 3255 Pisistratus
2175 3183 2270 3254 10
2307 3206 2397 3256 an
2442 3186 2532 3255 11
2586 3204 2810 3255 annos
2844 3184 3193 3273 integroS,

525 3330 856 3397 accurate
913 3320 1201 3392 definiri
1264 3328 1599 3412 nequeat,
1676 3340 1764 3392 ne
1845 3320 2045 3412 prior
2132 3321 2414 3410 quidem
2482 3322 2771 3415 tyranni
2844 3321 3191 3409 relegatio

524 3461 739 3531 certis
794 3458 1119 3532 terminis
1175 3457 1651 3530 circumscribi
1699 3463 1961 3550 potest.
2068 3454 2381 3530 Vacillat
2460 3459 2647 3529 enim
2712 3457 2957 3529 eadem
3002 3458 3196 3529 inter

525 3597 570 3668 6
621 3606 694 3669 et
746 3600 789 3667 5
846 3617 1093 3668 annos.
1201 3592 1346 3668 Sed
1403 3594 1733 3684 quoniam
1791 3614 1976 3668 nunc
2033 3616 2119 3665 ex
2181 3595 2707 3667 Aristotelis
2786 3595 3195 3668 testimonio

525 3742 825 3827 constat,
907 3734 1520 3807 Pisistratidarum
1565 3734 2118 3807 dominationem
2162 3736 2480 3824 'excepto
2548 3732 2777 3805 altero
2826 3731 3197 3806 Pisistrati

526 3874 740 3947 exilio
805 3877 900 3945 41
954 3894 1180 3945 annos
1235 3872 1606 3945 duravisse
1659 3872 1986 3961 idemque
2042 3871 2479 3943 Aristoteles
2569 3871 2662 3941 16
2740 3871 2961 3943 totius
3014 3869 3197 3942 Pisi-

526 4013 736 4084 strati
790 3973 1252 4099 relegationis
1297 4011 1502 4081 annis
1558 4010 1836 4094 omissis
1887 4011 1981 4080 35
2039 4030 2263 4081 annos
2327 4009 2812 4100 adsignaverit
2862 4007 3197 4080 Pisistra-

523 4150 720 4241 udis,
775 4150 978 4241 prius
1028 4150 1314 4241 tyranni
1352 4148 1642 4220 exilium
1684 4149 1728 4218 6
1766 4167 2115 4219 annorum
2163 4144 2411 4239 fuisse,
2460 4147 2805 4238 sequitur.
2862 4146 3196 4255 Alterum

520 4288 744 4378 igitur
802 4290 898 4358 10
953 4308 1177 4359 annos
1233 4287 1529 4359 durasse
1587 4287 1983 4359 necessario
2036 4286 2200 4357 hinc
2252 4281 2623 4380 cogitur.²²)

724 4424 1018 4516 Reliqui
1069 4427 1354 4498 termini
1393 4425 1483 4497 ad
1530 4399 2150 4497 Pisistratidarum
2207 4423 2757 4497 dominationem
2795 4427 3196 4514 spectantes

518 4566 658 4637 iam
709 4563 1028 4659 pendent
1081 4564 1169 4635 ab
1253 4584 1440 4635 anno
1490 4583 1774 4654 pugnae
1826 4560 2472 4634 Marathoniae.
2613 4560 2720 4632 De
2788 4560 2920 4633 hoc
2973 4560 3194 4650 igitur

723 4758 1045 4845 15180012
1101 4792 1169 4831 π.
1226 4770 1332 4830 τοῦ
1387 4768 1536 4849 ζευγ.
1590 4786 1645 4829 e.
1700 4766 1806 4828 10:
1871 4762 2315 4848 τετταράκοντα
2364 4762 2430 4828 δ’
2482 4762 2585 4844 ἔτη
2634 4736 2753 4844 τῆςι
2789 4762 3195 4839 στάσεως

518 4856 1086 5020 revoat-‘Zepamm
1158 4945 1472 5003 accurate
1550 4938 1997 5001 Busoltius
2074 4936 2190 5000 Gr.
2244 4936 2323 5000 G.
2380 4936 2405 4999 1
2452 4958 2515 5020 p.
2570 4938 2698 5000 552
2740 4938 2943 5020 priori
2990 4936 3195 5001 exilio

521 5028 560 5087 5
608 5027 1040 5110 (555-551)‚
1090 5025 1284 5090 alteri
1327 5025 1414 5089 10
1457 5043 1674 5089 annos
1721 5020 2195 5109 (549--539s4)
2241 5024 2577 5107 adsignat.
2691 5019 2708 5032 ‘

2802 5142 2953 5199 10⁸·
