4057 5790
1931 519 2496 600 4138-

874 781 947 845 et
1002 770 1468 846 Menexeui
1525 771 2061 862 scriptorem
2114 766 2209 866 (p.
2270 767 2471 868 240),
2530 792 2703 884 quos
2758 776 2991 844 tamen
3046 771 3119 842 in
3165 771 3300 844 hac
3336 789 3553 844 causa

880 910 999 983 vix
1079 887 1471 982 audiendos
1528 929 1710 1002 esse,
1792 930 1932 980 non
1991 909 2241 983 dubito
2296 911 2467 999 quin
2524 909 2661 981 sibi
2716 929 3191 1001 persuasurus
3244 909 3359 995 sit,
3437 911 3556 1000 qui

880 1047 1346 1142 reputaverit,
1429 1048 1616 1120 unde
1700 1049 1984 1120 tandem
2060 1047 2383 1152 talis‘rei
2463 1048 2718 1126 notitia
2794 1048 2884 1120 ad
2954 1067 3077 1121 eos
3142 1049 3557 1121 manaverit.

879 1185 1015 1258 Est
1068 1191 1304 1258 autem
1357 1205 1474 1257 res
1534 1185 1691 1277 ipsa
1744 1186 1920 1259 adeo
1969 1190 2044 1258 et
2096 1193 2349 1276 arguta
2402 1193 2477 1258 et
2528 1187 2841 1280 spinosa,
2890 1192 2973 1258 ut
3024 1187 3257 1259 lenem
3309 1187 3557 1258 verita-

874 1325 973 1398 tis
1044 1323 1614 1415 superlationem
1639 1323 1891 1396 ,latere
1943 1325 2174 1419 insea‚
2228 1325 2347 1396 vix
2398 1323 2629 1397 facere
2682 1327 2948 1417 possim
3000 1325 3171 1415 quin
3220 1325 3552 1417 suspicer.

877 1461 1192 1538 Redolet
1243 1484 1354 1534 me
1410 1461 1639 1534 iudice
1696 1462 2179 1534 testimonium
2228 1462 2409 1534 illud
2459 1463 2987 1553 epigrammatis
3042 1462 3404 1538 cuiusdam
3444 1482 3551 1534 ar-

819 1617 834 1634 ‘
875 1607 1309 1694 gumentum,
1359 1601 1431 1672 in
1471 1621 1609 1690 quo
1661 1600 1850 1672 haud
1907 1601 2053 1673 scio
2108 1621 2199 1672 au
2238 1601 2533 1672 oratorii
2584 1602 2982 1674 ornamenti
3033 1601 3149 1672 vel
3199 1599 3552 1674 Lacedae·

873 1741 1270 1814 moniorum
1328 1739 1576 1830 culpae
1639 1737 2125 1811 sublevandae
2179 1739 2415 1830 gratia
2470 1759 2585 1811 res
2651 1739 2752 1812 ita
2814 1737 3034 1812 fuerit
3089 1736 3546 1817 conformata.

876 1879 1219 1971 Quocirca
1297 1878 1624 1968 equidem
1706 1878 2115 1949 testimonio
2181 1879 2303 1950 isti
2378 1878 2728 1951 historiae
2790 1878 2999 1950 fidem
3064 1877 3545 1966 denegandam

873 2037 1128 2094 censeo
1185 2035 1549 2105 meamque
1605 2022 1815 2088 teneo
1864 2017 2485 2106 computationem.

1081 2153 1225 2228 Sed
1306 2157 1558 2244 restat,
1643 2158 1723 2225 ut
1799 2153 1913 2224 vel
1965 2154 2211 2244 paucis
2260 2152 2500 2225 verbis
2555 2153 2897 2243 attingam
2946 2149 3290 2242 Ungeri
3344 2153 3555 2225 ratio-

873 2317 1028 2387 nes,
1075 2293 1196 2384 qui
1248 2292 1678 2365 futilissimis
1729 2292 2063 2386 Dionysii
2116 2279 2234 2390 (A.
2292 2289 2381 2362 R.
2424 2289 2519 2383 V,
2582 2287 2707 2387 17)
2758 2287 2983 2363 Gellii
3026 2286 3149 2386 (N.
3190 2291 3276 2361 A.
3318 2283 3548 2386 XVII,

875 2427 1008 2530 21)
1058 2432 1361 2528 aliorum
1437 2431 1866 2504 testimoniis
1941 2433 2140 2502 nisus
2202 2451 2517 2522 pugnam
2573 2428 3093 2502 Marathoniam
3150 2428 3244 2501 ad
3293 2449 3552 2501 exeun-

871 2578 1015 2645 tem
1074 2571 1168 2644 ol.
1229 2571 1350 2661 72,
1404 2570 1614 2662 201.
1663 2590 1730 2640 e.
1781 2569 1869 2641 ad
1917 2590 2044 2640 ver
2083 2538 2263 2667 490)
2320 2574 2622 2641 revocat.
2734 2567 2973 2642 Fulcit
3004 2565 3553 2656 Ungeruscom-

871 2708 1313 2805 putationem
1390 2729 1594 2780 snam
1667 2707 2041 2779 notissimo
2088 2705 2635 2798 Thucydidis
2687 2706 2839 2778 loco
2887 2704 3014 2797 Vl,
3090 2705 3210 2790 59,
3286 2726 3423 2795 quo
3476 2705 3549 2776 in

729 2867 738 2874 ·
873 2846 1372 2922 constituendo
1428 2866 1712 2938 pugnae
1764 2844 2263 2919 Marathoniae
2316 2851 2637 2939 tempore
2693 2845 2793 2916 uti
2847 2819 3133 2916 omnino
3182 2843 3551 2937 nonlicet,

874 3008 1029 3062 cum
1107 2986 1272 3058 hinc
1352 2985 1632 3056 demum
1709 2983 2018 3079 Hippiae
2101 2986 2389 3078 tyranni
2471 2989 2666 3057 aetas
2722 2982 3133 3055 definienda
3185 2983 3282 3056 sit
3410 2978 3551 3055 lam

873 3146 1042 3197 vero
1122 3122 1308 3214 quod
1383 3120 1720 3219 Ungerus
1803 3123 2014 3195 etiam
2073 3120 2432 3195 Aeliani
2516 3122 2999 3199 testimoninm
3057 3145 3124 3195 v.
3180 3121 3250 3193 h.
3308 3116 3387 3214 Π,
3441 3124 3539 3193 25

871 3264 944 3335 in
1000 3263 1185 3335 hanc
1239 3261 1721 3351 quaestionem
1775 3260 2111 3353 intrusit,
2176 3262 2431 3333 misere
2485 3262 2726 3354 lapsus
2772 3265 2915 3365 est2
2976 3262 3141 3353 quia
3202 3262 3271 3333 6.
3328 3261 3549 3332 Thar-

873 3400 1176 3491 gelionis
1227 3399 1378 3473 dies
1416 3399 1664 3471 eodem
1727 3400 1934 3471 modo
1971 3420 2010 3471 e
2070 3400 2311 3491 sacriS‚
2366 3420 2544 3490 quae
2606 3406 2754 3471 tum
2809 3400 2891 3471 in
2938 3400 3275 3473 Dianae
3334 3400 3548 3472 hono·
3687 3482 3695 3487 ⁵

873 3561 1020 3612 rem
1078 3538 1648 3624 celebrabantur,
1724 3537 2068 3612 deductus
2122 3546 2255 3631 est²
2336 3546 2549 3628 atque
2596 3539 2682 3630 is,
2758 3559 2961 3628 quem
3018 3559 3262 3611 errore
3316 3536 3551 3609 adfert

871 3676 1298 3750 Plutarchus
1383 3680 1477 3748 At
1511 3676 1719 3749 cardo
1749 3676 2035 3746 omnino
2071 3676 2143 3745 in
2184 3674 2312 3746 hac
2343 3680 2670 3747 versatur
2704 3673 3156 3750 difficultate:
3203 3675 3552 3766 obstrepit

872 3815 1004 3890 Un
1029 3817 1218 3905 geri
1254 3816 1437 3888 ratio
1474 3814 1761 3886 disertis
1799 3832 1951 3885 cum
1980 3812 2496 3905 Plutarchi,
2527 3821 2671 3885 tum
2706 3813 2975 3886 Marm
3002 3816 3181 3887 oris
3236 3816 3551 3887 testimo·

874 3954 1036 4047 niiS‚
1122 3954 1308 4025 unde
1387 3973 1694 4048 pugnam
1760 3952 1890 4023 sub
1937 3950 2451 4045 Phaenippo
2504 3953 2841 4025 archonte
2898 3954 3335 4025 commissam
3389 3974 3548 4025 esse

872 4090 1331 4166 confirmatur
1464 4089 1716 4162 Priore
1771 4110 1940 4161 vero
1995 4096 2198 4183 parte
2244 4088 2411 4160 anni
2465 4089 2641 4181 490,
2698 4090 2809 4163 cui
2863 4110 3167 4184 pugnam
3223 4090 3550 4181 adsignat

873 4228 1234 4321 UngeruS,
1288 4228 1548 4301 archon
1592 4225 1726 4299 fuit
1771 4225 2328 4318 Hybrilides
2384 4223 2454 4322 ¹).

1076 4370 1139 4439 A
1216 4388 1494 4461 pugnae
1549 4364 2049 4452 Marathoniae
2123 4373 2442 4455 tempore
2508 4371 2833 4439 accurate
2901 4367 3423 4457 circumscripto
3485 4369 3547 4439 si

873 4506 1409 4601 proficiscimur²
1467 4506 1727 4594 reliqui
1780 4504 2068 4576 termini
2122 4505 2258 4575 iam
2337 4504 2489 4575 sine
2572 4505 2859 4593 negotio
2923 4504 3545 4579 constabiliuntur.

870 4647 1019 4719 Dat
1067 4648 1253 4718 enim
1313 4643 1872 4735 Thucydides
1934 4640 2057 4733 Vl,
2114 4642 2209 4713 59
2265 4642 2519 4713 haece:
2588 4642 3037 4738 τυραννεύσας
3093 4640 3169 4713 δὲ
3222 4640 3340 4738 ἔτη
3394 4643 3546 4738 τρία

875 4801 995 4809 Ε-.-
1018 4802 1109 4807 --—-
1130 4801 1229 4808 -.——-

1080 4851 1150 4929 1)
1199 4848 1478 4931 Recepit
1522 4850 1741 4909 tamen
1789 4845 2043 4928 Unger-i
2090 4843 2420 4909 calculum
2476 4845 2918 4909 Busoltius
2966 4845 3082 4909 Gr.
3119 4845 3199 4909 G.
3237 4846 3362 4929 Ip.
3394 4849 3545 4924 551,

877 4934 944 5001 id
993 4936 1170 5019 quod
1223 4950 1589 5018 sanequam
1639 4932 1865 4995 miror.

4028 1961 4033 2201 —.—-..⁴
4026 1552 4033 1939 d—-n—
4024 1123 4033 1521 *μα-ι-
