4057 5790
1552 569 2061 674 -27-

475 811 1010 896 monstravisse,
1093 808 1528 884 Salaminios
1616 831 1756 885 non
1833 809 2081 882 eodem
2152 809 2383 895 modo,
2465 830 2605 899 quo
2658 807 3152 900 Megarenses„

475 947 604 1020 sed
663 967 803 1058 quo
851 945 1347 1021 Athenienses
1397 948 1708 1040 sepelire
1761 954 2103 1021 mortuos.
2172 945 2453 1041 Quippe
2500 944 2973 1037 Megarenses
3006 967 3167 1037 cor·-

480 1106 658 1177 pora
709 1090 1154 1158 mortuorum
1210 1086 1314 1159 ita
1355 1087 1688 1180 condere,
1771 1091 1850 1160 ut
1903 1107 2147 1160 eorum
2204 1088 2391 1162 oculi
2469 1087 2543 1160 in
2600 1085 2819 1158 solem
2872 1085 3153 1158 orien-

476 1233 648 1296 tem
729 1230 977 1297 essent
1048 1225 1396 1318 conversi,
1475 1223 1962 1304 Athenienses
2035 1245 2203 1298 vero
2263 1231 2337 1297 et
2388 1221 2844 1314 Salaminios,
2922 1230 3003 1295 ut
3076 1223 3150 1294 in

477 1362 1033 1436 occidentem
1092 1366 1496 1456 spectarent
1549 1360 1728 1452 (Sol.
1773 1364 1904 1434 10:
1963 1354 2297 1432 Θάπτουσι
2338 1357 2415 1430 δὲ
2465 1353 2805 1456 Μεγαρεῖς
2857 1357 3022 1456 πρὸς
3058 1357 3155 1428 ἕω

473 1498 624 1575 τοὺς
661 1498 928 1596 νεκροὺς
969 1499 1387 1598 στρέφοντες,
1429 1492 1794 1596 Ἀθηναῖοι
1847 1498 1922 1570 δὲ
1972 1497 2141 1596 πρὸς
2193 1497 2547 1596 ἑσπέραν).
2648 1496 2857 1571 Hanc
2918 1517 3158 1568 narra-

476 1638 740 1711 tionem
795 1659 995 1712 mere
1053 1638 1368 1714 Atticam
1425 1636 1643 1712 fuisse
1697 1601 1851 1730 ipse
1905 1636 2178 1710 adserit
2217 1632 2679 1710 Plutarchus,
2764 1631 2929 1709 Non
2980 1633 3157 1726 opus

477 1783 588 1850 est
637 1777 900 1850 verbis,
994 1775 1328 1871 Pythiam
1369 1779 1554 1850 enim
1611 1775 2005 1867 triginta
2056 1773 2247 1847 fere
2302 1793 2409 1847 an
2432 1774 2569 1848 nis
2614 1777 2823 1846 ante
2876 1777 3157 1866 (secun-

476 1914 642 1986 dum
730 1915 1335 2006 computationem
1407 1913 2117 1989 Dunckerianam
2191 1909 2280 1985 Gr.
2331 1913 2401 1986 d.
2452 1909 2545 1984 A.
2614 1906 2768 1984 VI5
2845 1934 2913 2005 p.
2966 1909 3157 2001 246)

475 2053 620 2124 iam
679 2049 1256 2126 Atheniensium
1295 2053 1424 2126 illa
1475 2055 1904 2143 argumenta
1947 2049 2450 2144 praesagiisse,
2523 2048 2641 2121 vix
2686 2047 2824 2120 sibi
2874 2067 3159 2140 persua-

479 2189 678 2264 debit
729 2191 1135 2280 quisquam.
1175 2279 1184 2290 .
1240 2187 1541 2262 Oraculi
1605 2189 1828 2280 igitur
1877 2188 2045 2261 illos
2096 2207 2347 2261 versus
2419 2208 2560 2260 non
2614 2186 2873 2277 minus,
2951 2205 3159 2293 quam

476 2333 696 2402 totam
775 2328 1290 2402 narrationem
1335 2325 1836 2400 Plutarcheam
1904 2332 2195 2417 postero
2274 2325 2553 2398 demum
2634 2331 2953 2416 tempore
3018 2345 3158 2396 non

478 2466 632 2540 sine
687 2467 970 2540 ratione
1016 2465 1348 2541 confictos
1403 2486 1560 2539 esse
1611 2463 1986 2539 contendo.

685 2601 1082 2678 Possumus
1149 2606 1288 2677 iam
1360 2603 1670 2677 transire
1730 2602 1820 2676 ad
1869 2599 2374 2677 recensendam
2426 2601 2737 2693 priorem
2789 2598 3163 2676 Plutarchi

477 2743 562 2815 de
617 2739 1009 2818 Salaminis
1090 2742 1625 2834 expugnatione
1716 2740 2235 2831 narrationem,
2316 2759 2523 2829 quam
2584 2738 2649 2811 is
2713 2737 2797 2808 τὰ
2872 2735 3159 2836 δημώδη

475 2887 606 2951 τῶν
644 2878 1022 2975 λεγομένων
1076 2903 1234 2955 esse
1267 2886 1611 2955 autumat.
1729 2879 2285 2971 Descripserunt
2316 2860 2619 2951 eandem
2675 2898 2851 2971 rem,
2902 2877 3161 2970 paulis·

478 3042 610 3112 per
646 3028 1175 3107 commutatam,
1225 3025 1515 3111 praeter
1549 3041 1708 3092 eum
1747 3024 2083 3109 quattuor
2117 3022 2474 3092 auctores:
2528 3012 2867 3109 Polyae
2891 3037 3050 3091 nus
3102 3019 3159 3090 Ι.

473 3158 598 3250 20,
653 3158 692 3252 ξ
744 3158 818 3249 2,
870 3156 1234 3230 Aeneas
1278 3156 1412 3231 IV.
1463 3158 1538 3252 8,
1617 3156 1923 3231 lustin
1953 3179 2045 3230 us
2099 3158 2184 3229 II.
2246 3156 2316 3247 8,
2381 3153 2871 3227 Frontinus
2927 3154 3150 3229 Strat.

473 3293 604 3368 IV.
664 3294 742 3387 ¹7,
798 3299 918 3369 44.
1031 3294 1348 3385 Quorum
1403 3258 1852 3371 narrationes
1905 3296 1975 3368 in
2033 3294 2173 3369 duo
2226 3314 2492 3386 genera
2544 3292 2925 3367 dividenda
2966 3298 3152 3366 sunt.

473 3432 793 3525 Aeneae,
849 3430 1112 3506 Iustini
1151 3424 1462 3538 (Trogi),
1515 3433 1849 3507 Frontini
1882 3430 2301 3505 relationem
2342 3430 2941 3524 antiquiorem,
2986 3430 3154 3503 Plu·

432 3571 697 3647 ·tarchi
752 3579 826 3644 et
878 3570 1227 3665 Polyaeni
1277 3572 1884 3647 recentiorem
1923 3570 2287 3661 adpellare
2325 3590 2723 3660 possumus·
2813 3568 3200 3669 Dubitari,

474 3710 744 3801 nequit,
800 3710 970 3800 quin
1025 3711 1353 3783 omnibus
1405 3709 1520 3783 his
1571 3708 2103 3783 narrationibus
2142 3727 2283 3780 una
2330 3713 2405 3780 et
2456 3707 2699 3782 eadem
2756 3730 2872 3781 res
2926 3708 3157 3781 subia-

473 3852 654 3923 ceat:
707 3850 1192 3942 Megarenses
1231 3846 1779 3922 Atheniensium
1813 3846 2257 3939 mulieribus,
2312 3866 2489 3936 quae
2525 3849 2598 3918 in
2655 3847 2865 3919 litore
2918 3853 3153 3920 terrae

479 3986 768 4063 Atticae
821 3989 1178 4063 solemnia
1231 3991 1475 4079 agunt,
1531 3985 1830 4062 insidias
1877 3995 2155 4078 parant.
2263 3982 2425 4076 Qua
2475 4004 2555 4056 re
2598 3990 2965 4076 comperta
3015 3986 3157 4058 dux

483 4124 1028 4199 Atheniensium
1119 4124 1847 4216 Megarenses·ipsos
1909 4123 2290 4215 adgressus
2364 4124 2731 4197 maximam
2787 4125 2978 4197 inter
3032 4146 3153 4199 eos

477 4265 622 4338 edit
669 4265 962 4338 cladem.

680 4399 834 4477 Nec
899 4425 1066 4475 vero
1123 4403 1406 4495 desunt,
1490 4404 1560 4477 in
1617 4402 1872 4492 quibus
1928 4402 2307 4495 scriptores
2367 4400 2559 4473 inter
2602 4421 2680 4474 se
2730 4392 3153 4490 differant.¹)

487 4540 1158 4616 commemorabilia
1203 4540 1552 4631 imprimis
1609 4541 1780 4613 haec
1836 4546 2039 4613 sunt:
2129 4540 2203 4611 in
2284 4540 2681 4629 antiquiore
2750 4539 3155 4613 traditionis

650 4749 768 4757 -,-.-
790 4750 809 4757 ·-

681 4889 748 4961 1)
840 4883 1164 4966 Singulae
1256 4886 1658 4967 scriptorum
1731 4883 2227 4967 discrepantiae
2294 4886 2571 4947 notatae
2643 4886 2799 4946 sunt
2862 4881 2949 4947 ab
3020 4881 3149 4945 Ar·

477 4970 727 5051 noldo
775 4972 980 5053 flag,
1029 4972 1114 5035 M.
1172 4970 1292 5035 Rb.
1345 4970 1594 5035 XXXII
1643 4990 1704 5053 p.
1757 4972 1906 5034 629.
