4057 5790
1963 540 2530 609 -148—

917 795 1197 850 causam
1267 761 1596 862 idoneam
1660 799 1800 850 non
1854 778 2164 850 invenio.
2270 775 2471 849 Parii
2552 777 2771 849 verba
2821 775 2995 848 haec
3051 786 3254 850 sunt:
3342 769 3447 872 ἀφ’
3508 773 3587 846 οὔ

902 903 1136 1009 Ἱέρων
1214 909 1654 1010 Συρακουσῶν
1735 913 2218 1010 ἐτυράννευσεν,
2300 910 2419 1010 ἔτη
2484 907 2770 982 ΗΗΠΙΙΙ
2856 910 3174 1009 ἄρχοντος
3256 907 3588 1011 Ἀθήνησι

913 1045 1304 1147 Χ[άρ]ητος.
1389 1051 1540 1124 Iam
1584 1073 1752 1125 vero
1809 1053 1994 1146 apud
2049 1049 2535 1124 Diodorum
2596 1051 2684 1122 de
2740 1049 3051 1123 Charete
3094 1051 3265 1124 haec
3303 1059 3587 1125 exstant

911 1187 1042 1279 Xl,
1101 1192 1235 1262 53:
1287 1183 1480 1258 Μετὰ
1532 1173 1616 1284 δὲ’
1656 1195 1868 1259 ταῦτα
1908 1183 2248 1286 Ἀθήνησι
2294 1187 2413 1281 μὲν
2451 1187 2624 1285 ἦρχε
2664 1183 2915 1285 Χάρης.
2950 1242 2964 1259 .
3004 1175 3023 1256 .’
3074 1185 3265 1285 ἤχθη
3308 1186 3383 1258 δὲ
3418 1181 3573 1285 παρ’

905 1317 1197 1402 Ἠλείοις
1263 1325 1585 1422 ὀλυμπιὰς
1637 1325 2097 1427 ἑβδομηκοστὴ
2133 1327 2241 1398 καὶ
2277 1324 2553 1426 ἑβδόμη,
2606 1319 2751 1396 καθ’
2797 1324 2877 1422 ἣν
2928 1325 3111 1396 ἐνίκα
3148 1347 3250 1417 sq.
3311 1325 3584 1399 Eodem

807 1460 815 1469 ’
915 1466 1195 1537 nomine
1251 1466 1347 1538 ol.
1405 1467 1504 1536 77
1557 1467 1926 1538 exornavit
1967 1467 2180 1538 etiam
2238 1465 2727 1558 Dionysius
2784 1463 2877 1535 A.
2919 1462 3007 1535 R.
3049 1463 3178 1556 IX,
3218 1465 3333 1536 37.
3393 1463 3583 1538 Hinc

781 1681 787 1695 ι
914 1623 1118 1692 quam
1177 1603 1522 1676 rationem
1574 1603 1646 1675 in
1703 1602 2203 1676 constituenda
2278 1602 2409 1676 hac
2489 1602 2757 1692 epocha
2836 1606 3121 1673 secutus
3176 1603 3271 1673 sit
3322 1600 3577 1673 Parius

911 1740 1186 1830 liquido
1238 1733 1578 1832 adparet:
1637 1742 1729 1814 ol.
1790 1740 1912 1832 77,
1971 1745 2014 1813 1
2062 1765 2148 1790 ·---
2200 1741 2347 1810 472
2402 1763 2491 1790 =
2544 1740 2695 1810 208
2749 1731 2835 1818 ÷
2892 1739 3063 1810 264.
3136 1737 3340 1812 Licet
3377 1740 3465 1811 de
3504 1760 3585 1812 re

915 1884 1118 1968 gesta
1169 1881 1520 1952 erraverit
1573 1885 1841 1971 auctor,
1896 1879 2021 1951 sed
2078 1899 2326 1950 verum
2380 1877 2742 1950 archontis
2802 1899 3061 1950 annum
3112 1879 3280 1968 quin
3338 1877 3577 1950 rectis-

917 2017 1090 2088 sime
1140 2016 1474 2089 habuerit
1527 2016 1856 2108 defixum,
1907 2016 2223 2089 dubitari
2279 2016 2545 2104 nequit.

1122 2152 1460 2227 Sufficere
1511 2153 1684 2229 haec
1757 2155 1844 2226 ad
1897 2155 2411 2227 debilitandam
2484 2151 2814 2245 Doppii
2893 2151 3575 2243 argumentationem

919 2292 1260 2364 arbitror.
1371 2265 1536 2365 Duo
1584 2293 1688 2364 illi
1750 2293 2059 2385 computi
2112 2294 2183 2363 in
2233 2292 2469 2383 lapide
2524 2291 2854 2365 cancellis
2906 2291 3097 2362 inter
3161 2311 3237 2362 se
3286 2289 3581 2362 limitari

917 2431 1201 2502 omnino
1283 2438 1673 2521 nequeunt.
1783 2428 1934 2502 Sub
1995 2431 2229 2522 operis
2303 2430 2514 2502 finem
2584 2429 2869 2519 quidem
2922 2428 3157 2501 omnia
3204 2426 3581 2499 intervalla

916 2590 1004 2640 ex
1059 2568 1306 2640 eadem
1359 2570 1631 2641 ratione
1689 2564 1826 2662 (A)
1876 2566 2191 2641 confecta
2267 2585 2421 2640 esse
2478 2574 2803 2658 apertum
2856 2573 2986 2638 est.
3078 2564 3375 2638 Minime
3411 2585 3578 2637 vero
3682 2567 3707 2584 ⁸

915 2707 1047 2779 hoc
1103 2708 1188 2779 de
1241 2707 1608 2796 superiore
1662 2713 1862 2797 parte
1901 2699 2281 2778 Marmoris
2321 2707 2489 2778 licet
2537 2706 2775 2777 statui.
2854 2703 2997 2778 Hic
3033 2702 3231 2775 Parii
3267 2703 3577 2775 rationes

913 2844 1052 2917 sibi
1091 2866 1228 2918 non
1285 2846 1762 2918 constiterunt
1838 2843 1921 2917 In
1963 2865 2046 2917 eo
2086 2847 2338 2939 opinor
2373 2842 2954 2934 acquiescendum
2985 2849 3117 2915 est.
3176 2840 3379 2934 Quae
3433 2841 3578 2932 qui·

909 2984 1067 3055 dem
1106 2984 1588 3056 inconstantia
1624 2984 1930 3055 auctoris
1993 2983 2178 3054 unde
2231 2982 2622 3073 repetenda
2675 2982 2771 3053 sit
2824 2981 3102 3053 nescire
3152 3002 3262 3052 me
3316 2978 3574 3052 fateor.

911 3118 1040 3192 Eis
1124 3141 1302 3210 quae
1358 3118 2091 3193 Wilamowitzius
2168 3120 2297 3195 hac
2353 3123 2440 3194 de
2496 3142 2575 3192 re
2632 3122 2867 3213 posuit
2930 3116 3050 3215 (Je
3105 3119 3450 3193 nachdem
3502 3136 3581 3187 er

914 3254 1158 3327 diesen
1214 3250 1675 3349 (Diognetos)
1724 3255 2131 3328 mitzaehlte
2185 3258 2357 3328 oder
2411 3258 2630 3348 nicht,
2706 3258 2921 3347 ergab
2996 3256 3141 3329 sich
3196 3256 3309 3327 die
3366 3252 3581 3327 Diffe-

914 3389 1111 3489 renz)
1165 3394 1328 3485 ipsa
1373 3394 1848 3466 inconstantia
1900 3400 2173 3465 tantum
2233 3396 2595 3484 statuitur,
2668 3415 2810 3466 non
2868 3395 3018 3465 eius
3072 3412 3325 3465 causae
3379 3413 3581 3485 expo·

913 3536 1206 3603 nuntur.
1341 3528 1484 3603 Sed
1567 3532 1977 3623 priusquam
2044 3512 2267 3625 ipsius
2347 3532 2863 3603 inconstantiae
2940 3532 3136 3621 leges
3190 3527 3584 3623 patefactae

913 3673 1128 3740 erunt
1176 3668 1250 3739 id
1306 3668 1590 3739 omnino
1635 3689 1842 3761 posse
1893 3668 2052 3775 fieri
2105 3668 2429 3757 despero.
2536 3666 2689 3741 Nec
2742 3668 2907 3740 talis
2960 3668 3290 3741 socordia
3340 3668 3443 3739 ita
3478 3672 3591 3739 est

913 3806 1209 3880 mirifica
1244 3809 1319 3878 in
1355 3806 1663 3889 homine,
1704 3807 1902 3880 cuius
1939 3812 2161 3878 totum
2203 3828 2378 3899 opus
2406 3812 2516 3878 tot
2550 3808 2905 3897 tantisque
2944 3812 3166 3878 scatet
3202 3804 3585 3875 erroribus,

1117 3942 1382 4017 Restat
1453 3950 1536 4017 ut
1613 3944 1844 4016 tribus
1913 3944 2152 4017 verbis
2217 3965 2395 4034 quae
2458 3944 2624 4017 hinc
2680 3944 2775 4016 ad
2829 3943 3200 4015 Pisistrati
3254 3944 3587 4036 epocham

920 4086 1322 4158 redundent
1375 4104 1746 4178 exponam.
1797 4081 1898 4157 M.
1956 4080 2039 4153 P.
2098 4103 2207 4175 ep.
2262 4083 2399 4155 40:
2452 4074 2559 4177 ἀφ’
2624 4080 2701 4151 οὔ
2757 4076 3222 4176 Πεισίστρατος
3266 4071 3586 4174 Ἀθηνῶν

909 4223 1395 4320 ἐτυράννευσεν,
1447 4218 1566 4318 ἔτη
1605 4210 2153 4290 ΗΗΓΙΔΔΔΔΠΙΙ
2207 4216 2524 4316 ἄρχοντος
2568 4212 2953 4315 [Ἀθήνησ]ι
2987 4212 3345 4311 Κ[ωμί]ου.
3398 4216 3586 4289 Eun-

911 4364 1068 4435 dem
1153 4361 1559 4440 archontem
1643 4360 1932 4431 exhibet
2012 4357 2214 4431 Plut.
2300 4356 2448 4431 Sol.
2528 4361 2653 4431 32:
2732 4350 2896 4427 Ἐπὶ
2950 4350 3229 4450 Κωμίου
3286 4354 3405 4450 μὲν
3461 4354 3585 4451 γὰρ

917 4498 1167 4597 ἤρξατο
1222 4501 1554 4595 τυραννεῖν
1604 4464 2095 4592 Πεισίστροιτος.
2202 4496 2341 4567 Iam
2369 4516 2568 4574 ‚vero
2626 4516 2777 4570 cum
2830 4516 3044 4589 supra
3090 4492 3413 4569 effectum
3469 4496 3586 4582 sit,

913 4639 1193 4711 initium
1247 4635 1611 4709 Pisistrati
1665 4633 2063 4726 tyrannidis
2114 4635 2517 4707 necessario
2590 4634 2663 4705 in
2719 4655 2978 4705 annum
3039 4606 3182 4703 561
3244 4632 3585 4723 incidere,

913 4777 1084 4865 quin
1141 4774 1351 4846 etiam
1415 4770 1702 4845 Gomiae
1751 4771 1863 4843 hic
1916 4793 2145 4843 annus
2202 4793 2287 4842 ex
2341 4780 2665 4867 computo
2718 4778 2775 4843 A
2836 4771 3431 4861 redintegrandus
3468 4770 3593 4861 sit,
3674 4816 3692 4841 x

915 4915 1030 4986 vix
1078 4913 1348 5004 poterit
1392 4912 1738 4984 dubitari:
1797 4910 1943 4983 297
1981 4909 2059 4989 -Ι-
2090 4911 2241 4981 264
2267 4936 2353 4961 ==
2384 4914 2553 4983 561.
