4057 5790
1967 518 2484 610 -.48-¹

899 774 1369 870 referebatur,
1407 777 1664 868 quibus
1706 780 2242 854 Atheniensium
2284 781 2790 874 rempublicam
2841 783 3147 855 internis
3202 780 3567 874 perturba-

897 913 1210 989 tionibus
1281 917 1578 990 maxime
1659 915 2156 992 labefactatam
2236 924 2311 994 et
2380 920 2787 994 distractam
2870 920 3091 995 fuisse
3172 919 3563 994 constabat.

895 1051 1108 1144 Quod
1161 1037 1394 1148 ipsum
1447 1075 1656 1146 quam
1702 1078 1952 1148 parum
2003 1058 2453 1133 considerate
2498 1057 2760 1134 factum
2816 1059 2909 1132 sit
2960 1059 3074 1132 vel
3126 1057 3293 1132 inde
3340 1061 3569 1149 pates-

888 1190 1011 1282 cit,
1055 1192 1246 1281 quod
1282 1190 1760 1268 Athenienses
1811 1216 1951 1269 non
2005 1197 2232 1269 solum
2282 1195 2647 1270 Salamina
2689 1197 3019 1283 insulam,
3076 1217 3321 1270 verum
3358 1195 3568 1270 etiam

893 1325 968 1402 N
982 1330 1113 1402 isa
1135 1351 1318 1402 eam
1356 1338 1662 1423 portum,
1719 1354 1928 1424 quem
1962 1333 2291 1407 obsidere
2316 1332 2699 1408 Pisistrato
2732 1335 3015 1410 demum
3042 1335 3362 1424 contigit,
3418 1339 3567 1406 tum

894 1468 1032 1540 iam
1071 1467 1391 1542 amisisse
1427 1467 1773 1546 feruntur.
1883 1468 2241 1546 Cohaeret
2288 1472 2421 1546 hoc
2472 1473 2759 1563 quidem
2808 1478 3055 1568 aperte
3093 1493 3247 1548 cum
3286 1473 3573 1544 inversa

899 1625 978 1680 ac
1035 1612 1360 1680 contorta
1403 1606 1899 1682 Plutarchi
1953 1571 2353 1703 temporum
2412 1611 2919 1703 descriptione,
2970 1612 3091 1700 qni
3125 1610 3298 1683 belli
3334 1607 3574 1700 Mega-

893 1745 1128 1819 rensis
1185 1747 1668 1821 narrationem
1720 1753 1990 1822 temere
2021 1749 2393 1841 praemisit
2434 1749 2957 1840 perturbationi
2994 1747 3361 1843 Cyloniae.
3414 1744 3574 1822 Hoc

895 1905 1066 1957 sane
1121 1892 1312 1958 recte
1369 1885 1548 1958 vidit
1591 1883 1984 1960 Niesius.

1098 2023 1255 2099 Sal
1279 2026 1558 2098 amini
1630 2026 1968 2117 quamdiu
2018 2026 2365 2101 libertate
2422 2024 2563 2100 frui
2618 2027 2901 2102 licuerit
2978 2032 3371 2120 temporum
3423 2025 3576 2098 illo·

893 2185 1048 2237 rum
1097 2164 1442 2237 memoria
1494 2164 1702 2237 nobis
1755 2165 2163 2240 occultavit:
2249 2188 2338 2238 ex
2408 2167 2836 2258 scriptorum
2916 2165 3345 2240 testimoniis
3384 2163 3573 2274 95¹¹ss

894 2301 1036 2374 nisi
1090 2297 1376 2374 Solonis
1440 2307 1673 2375 aetate
1739 2303 2051 2376 insulam
2126 2302 2823 2393 Megarensibus
2894 2303 3283 2377 subiectam
3354 2299 3573 2374 fuisse

894 2440 1146 2513 elucet.
1255 2439 1366 2512 De
1431 2441 1590 2532 ipsa
1651 2461 1894 2514 eorum
1951 2443 2409 2532 occupatione
2455 2443 2635 2515 nihil
2690 2462 2986 2533 usquam
3042 2441 3385 2516 traditum
3440 2445 3573 2514 est.

898 2577 1340 2670 Quamquam
1409 2578 1482 2651 in
1559 2577 1918 2673 plerisque
1983 2579 2389 2653 recentibus
2464 2579 2671 2653 libris
2751 2580 3045 2672 legitur,
3110 2577 3576 2670 Megarenses

871 2716 1144 2809 -paullo
1217 2720 1380 2808 post
1447 2713 1864 2808 patefactam
1923 2714 2395 2808 Cyloniam
2476 2718 3035 2792 coniurationem
3093 2715 3459 2791 Salamina
3510 2716 3579 2788 vi

899 2875 1370 2948 expugnasse.
1444 2853 1647 2945 Quae
1678 2875 1793 2928 res
1830 2853 2273 2947 Theageni
2309 2862 2612 2949 tyranno
2652 2856 2921 2930 assolet
2956 2855 3301 2931 vindicari
3336 2854 3495 2947 ipsi.
3520 2850 3580 2951 ¹)

899 2996 1232 3069 Attamen
1285 2999 1480 3067 caret
1525 2993 1697 3066 haec
1751 2993 1992 3085 opinio
2048 2995 2236 3067 omni
2288 2993 2774 3088 fundamento,
2850 2996 3114 3088 quippe
3171 3016 3357 3085 quae
3426 2992 3577 3067 solo

895 3126 1391 3206 Plutarchi
1432 3130 1560 3204 illo
1597 3131 1754 3204 loco
1791 3129 1978 3223 (Sol.
2013 3128 2135 3229 12)
2175 3134 2471 3227 nitatur,
2528 3135 2639 3208 cui
2686 3134 2954 3206 nullam
3008 3134 3221 3207 fidem
3258 3133 3571 3206 tribuen-

894 3271 1053 3343 dam
1107 3292 1264 3343 esse
1319 3270 1526 3343 modo
1569 3270 1894 3343 vidimus.
2003 3268 2311 3345 Unicum
2356 3270 2590 3346 locum
2644 3272 2767 3361 qui
2819 3271 2930 3343 his
2986 3271 3307 3343 tenebris
3344 3270 3569 3344 lucem

893 3410 1201 3499 aliquam
1236 3408 1555 3501 potuerit
1605 3406 1996 3481 obfundere
2054 3431 2261 3482 nemo
2316 3410 2683 3483 arcessivit
2732 3409 2981 3482 adhuc.
3087 3407 3344 3483 Exstat
3374 3381 3577 3482 testi-¹

893 3734 1279 3800 mirandum
1330 3737 1452 3815 est,
1503 3737 1838 3799 oratorem
1886 3734 1971 3800 ad
2020 3736 2197 3800 hano
2244 3734 2640 3799 memoriam
2688 3735 3067 3820 respexisse
3098 3734 3357 3800 civibus
3390 3740 3569 3801 certe

893 3828 1154 3907 gratam
1203 3827 1268 3885 et
1311 3825 1684 3904 acceptam.

1096 3910 1169 3987 1)
1254 3906 1366 3973 Ita
1393 3906 1454 3971 D
1480 3926 1520 3969 u
1545 3907 1914 3971 nokerus
1946 3906 2027 3971 G.
2068 3908 2132 3975 d.
2164 3907 2247 3971 A.
2284 3902 2413 3973 v1⁶
2442 3926 2510 3992 p.
2546 3906 2631 3969 98
2656 3906 3017 3972 Salaminis
3061 3906 3327 3971 insulae
3359 3925 3565 3991 expu-

893 3996 1280 4078 gnationem
1326 4012 1561 4060 secure
1605 3995 1780 4058 inter
1801 3992 2186 4077 Theagenis
2208 4010 2318 4061 res
2364 4000 2590 4077 gestas
2631 3999 2960 4059 recenset.
3052 3993 3127 4059 In
3164 3994 3309 4058 eius
3354 3992 3568 4057 verba

891 4084 1281 4147 iuraverunt
1326 4080 1889 4145 Grundnerue
1933 4078 1982 4143 l.
2031 4079 2073 4144 l.
2120 4100 2183 4165 p.
2228 4083 2288 4157 1,
2354 4081 2813 4145 Bohrenius
2846 4080 2974 4144 l.l.
3010 4100 3073 4165 p.
3107 4081 3254 4163 184,
3303 4081 3568 4163 Bege-

888 4188 1248 4233 mannus
1293 4163 1566 4248 Quaest.
1623 4166 1762 4231 Sol.
1809 4164 1911 4241 ΙΙ,
1959 4188 2024 4249 p.
2073 4166 2175 4250 14,
2271 4167 2825 4232 Petersenius
2869 4166 2917 4251 l.
2965 4166 3014 4231 l.
3064 4187 3127 4250 p.
3180 4166 3329 4231 101.
3422 4166 3567 4231 Nec

890 4258 1106 4337 magis
1151 4272 1375 4319 rerum
1422 4254 1664 4318 harum
1710 4254 2166 4333 cognitionem
2212 4272 2426 4337 nuper
2470 4255 2807 4337 promovit
2856 4254 3295 4319 Buaoltius
3328 4254 3441 4318 Gr.
3476 4252 3561 4315 G.

888 4341 919 4406 1
964 4341 1208 4425 p.499:
1263 4342 1430 4425 ,Der
1478 4338 1946 4405 Staatsstreieh
1996 4339 2149 4421 (des
2184 4340 2438 4423 Kylou)
2466 4340 2709 4422 schlug
2741 4340 2903 4421 fem,
2953 4340 3117 4404 aber
3158 4340 3431 4405 beiden
3465 4340 3565 4402 in-

890 4447 1056 4492 nern
1104 4426 1400 4505 Wirren,
1449 4426 1708 4490 welche
1755 4428 1820 4489 in
1872 4426 1991 4491 der
2037 4426 2285 4491 darauf
2338 4426 2701 4509 folgenden
2753 4427 2897 4492 Zeit
2941 4426 3051 4490 die
3097 4425 3290 4489 Stadt
3334 4423 3563 4489 erfnll-

894 4518 1027 4597 ten,
1067 4514 1301 4578 wurde
1334 4513 1440 4577 die
1471 4509 1657 4578 Insel
1705 4512 2075 4578 Salamis
2121 4530 2250 4577 von
2301 4513 2429 4577 den
2462 4514 2837 4596 Megariern
2888 4513 3185 4578 erobert‘
3226 4518 3291 4575 et
3333 4508 3565 4595 paullo

889 4601 1066 4665 iufra
1087 4621 1154 4685 p.
1191 4601 1351 4663 500:
1409 4600 1610 4681 ‚Deae
1654 4600 1776 4663 der
1800 4600 2070 4683 Angriff
2107 4599 2227 4663 der
2249 4599 2580 4682 Megarier
2610 4622 2729 4665 zur
2754 4600 2901 4664 Zeit
2938 4600 3061 4665 der
3093 4599 3359 4665 Wirren
3392 4600 3564 4662 nach

891 4687 1150 4770 Kylons
1195 4687 1665 4751 Staatsstreieh
1708 4686 2013 4769 erfolgte,
2047 4686 2381 4751 beriehtet
2425 4687 2776 4769 glaubhaft
2817 4685 2993 4751 Plut.
3045 4684 3250 4749 Solon
3300 4686 3407 4768 12,
3458 4702 3565 4747 wo

889 4773 1148 4838 freilich
1197 4771 1617 4839 irrthllmlieh
1664 4772 1814 4847 von]
1844 4776 2065 4839 einem
2100 4774 2583 4839 wiederholten
2620 4772 2885 4837 Verlust
2918 4772 3039 4836 der
3068 4770 3246 4835 Iusel
3278 4771 3415 4835 und
3449 4771 3563 4835 Ni-

891 4862 1068 4924 saias
1113 4860 1226 4924 die
1269 4859 1460 4923 Rede
1525 4861 1659 4927 ist!
1742 4860 2064 4925 Nituntur
2124 4860 2295 4925 haee
2352 4862 2605 4945 pravis,
2673 4878 2841 4945 quas
2911 4876 3115 4943 supra
3174 4860 3559 4941 perstrinxi,

885 4948 1154 5013 Niesii
1203 4947 1830 5015 ratiocinationibus
1877 4948 2082 5026 (Hist.
2126 4946 2289 5013 Unt.
2334 4970 2397 5031 p.
2438 4948 2577 5029 23).
