4057 5790
1954 585 2519 655 —136-

898 829 1302 900 videndum.
1427 827 1660 917 Ipsam
1727 845 2041 915 pugnam
2122 824 2657 918 Phaenippo
2741 821 3075 897 archonte
3146 823 3579 898 commissam
3640 837 3657 857 ⁸

893 986 1048 1038 esse
1105 971 1180 1036 et
1257 962 1812 1037 Plutarchus
1870 961 2205 1057 (Aristid.
2274 960 2351 1053 5)
2418 971 2492 1036 et
2544 971 2787 1036 auctor
2838 962 3149 1035 Parius
3204 985 3259 1036 s.
3318 983 3405 1054 ep
3485 963 3579 1034 48

893 1101 1394 1194 (Phaenippus
1449 1099 1540 1195 Π)
1590 1101 2092 1173 testificantur.
2213 1100 2380 1192 Qua
2430 1102 2515 1173 de
2570 1123 2649 1173 re
2704 1123 2842 1173 non
2898 1111 3032 1192 est,
3104 1121 3229 1174 cur
3282 1101 3583 1190 ambiga-

889 1247 1010 1312 tur
1083 1237 1212 1331 (cf.
1286 1197 1653 1328 Ungerum
1737 1239 1782 1308 l.
1855 1239 1901 1308 l.
1983 1262 2051 1331 p.
2121 1234 2323 1334 389).
2440 1239 2934 1332 Phaenippum
3007 1245 3241 1312 autem
3311 1239 3401 1310 ol.
3462 1235 3585 1326 72,

892 1373 1362 1468 3:490s89
1448 1377 1808 1450 archontis
1896 1399 2189 1448 munere
2275 1377 2593 1453 functum
2678 1399 2833 1450 esso
2917 1383 3110 1450 certo
3182 1382 3482 1450 constat.
3536 1373 3583 1470 ¹)

891 1513 1083 1588 Huic
1135 1517 1356 1605 igitur
1411 1514 1794 1607 olympiadi
1853 1514 1968 1586 vel
2023 1537 2216 1587 anno
2272 1517 2511 1588 Attico
2567 1536 2804 1606 pugna
2860 1513 3312 1586 Marathonia
3350 1531 3583 1584 neces·

889 1656 1078 1726 sario
1165 1653 1606 1743 adsignanda
1687 1659 1819 1724 est.
1934 1653 2351 1724 Accuratius
2434 1654 2587 1724 eius
2663 1659 2942 1743 tempus
2998 1651 3317 1723 definivit
3367 1649 3578 1722 Plu·

883 1773 1268 1865 tarchus
1359 1789 1584 1885 (Cam.
1645 1792 1762 1862 19.
1823 1792 1908 1862 de
1979 1789 2165 1880 glor.
2227 1788 2495 1862 Athen.
2564 1791 2631 1860 ¹7.
2702 1791 2786 1863 de
2840 1788 3015 1860 Her.
3072 1789 3360 1878 malign.
3420 1783 3588 1882 26),

885 1930 1006 2018 qui
1061 1949 1217 2000 eam
1277 1929 1322 1998 6
1363 1928 1506 1999 diei
1552 1926 2100 2001 Boedromionis
2140 1927 2499 2001 adscribit.
2564 1925 2738 2001 Sed
2775 1927 2955 1998 hanc
2993 1926 3565 1999 terminationem

883 2087 1130 2138 errore
1187 2087 1274 2137 ex
1329 2066 1441 2137 die
1495 2067 2063 2160 supplicationiS,
2120 2087 2299 2156 quae
2354 2059 2517 2156 post
2570 2063 3175 2156 pugnam'habita
3212 2069 3348 2153 est,
3386 2063 3564 2134 deri—

883 2213 1112 2276 vatam
1193 2225 1350 2276 esse
1455 2205 1631 2275 satis
1686 2202 2023 2296 probavit
2076 2201 2581 2275 Boeckhius
2634 2199 3073 2295 (Mondcycl.
3131 2225 3199 2292 p.
3259 2203 3355 2272 66
3410 2197 3568 2294 sq).

888 2340 1328 2432 Quamquam
1365 2341 1588 2431 ipsam
1639 2363 1946 2432 pugnam
2001 2309 2190 2412 haud
2233 2342 2333 2442 ita
2372 2340 2593 2413 multo
2632 2348 2795 2450 ante
2836 2361 2994 2412 eum
3036 2338 3570 2411 diem'commis-

885 2500 1030 2550 sam
1071 2499 1226 2550 esse
1267 2478 1636 2569 probabile
1676 2486 1807 2551 est.
1868 2477 2006 2552 Hic
2064 2480 2283 2570 igitur
2337 2500 2518 2550 unus
2554 2479 2901 2552 terminus
2941 2479 3213 2570 positus
3252 2483 3383 2549 est.
3440 2475 3563 2546 Vi-

884 2616 1192 2688 dendum
1244 2615 1333 2686 de
1389 2615 1640 2687 altero.
1754 2615 2240 2687 Athenienses
2298 2617 2648 2706 protinuS,
2694 2635 2844 2688 cum
2897 2613 3251 2687 Eretriam
3291 2619 3560 2707 captam

884 2775 1041 2826 esse
1130 2753 1594 2840 audivissent,
1677 2749 2328 2842 Phidippidem
2380 2774 2741 2827 cursorem
2802 2753 3132 2845 Spartam
3192 2754 3562 2842 miserunt,

885 2899 962 2963 ut
1017 2891 1257 2982 oppidi
1304 2888 1500 2962 illius
1558 2891 2151 2979 expugnationem
2204 2893 2598 2996 nunciaret,
2654 2892 2987 2965 auxilium
3030 2898 3328 2983 peteret.
3419 2887 3558 2981 Qui

882 3052 1068 3101 nono
1121 3030 1385 3101 mensis
1427 3027 1540 3098 die
1591 3029 1752 3118 (sel.
1811 3027 2388 3127 Metagitnionis)
2444 3028 2821 3127 δευτεραῖος
2874 3030 2947 3100 ἐκ
2992 3036 3108 3101 τοῦ
3168 3023 3553 3124 Ἀθηναίων

897 3164 1132 3239 ἄστεος
1207 3163 1292 3258 ἦν
1363 3164 1431 3233 ἐν
1507 3159 1784 3260 Σπάρτῃ
1841 3160 2143 3257 (Herod.
2203 3166 2326 3251 Vl,
2408 3166 2607 3263 106).
2716 3168 3263 3243 Lacedaemonii
3336 3167 3557 3261 εἰνάτῃ

883 3302 957 3374 δὲ
1011 3302 1125 3373 οὐκ
1181 3299 1650 3380 ἐξελεύσεσθαι
1703 3300 1964 3397 ἔφασαν
2015 3306 2111 3401 μὴ
2158 3304 2232 3375 οὐ
2279 3303 2573 3401 πλήρεος
2610 3306 2827 3381 ἐόντος
2863 3311 2976 3375 τοῦ
3013 3305 3271 3375 κύκλου.
3343 3304 3551 3375 Luna

882 3446 1226 3536 completa
1311 3445 1474 3516 dein
1538 3444 2006 3533 egrediuntur
2080 3444 2381 3531 (Herod.
2442 3445 2567 3534 VI,
2640 3442 2838 3541 120).
2958 3443 3226 3515 Cursor
3311 3452 3545 3514 autem

880 3582 1206 3655 Athenas
1261 3604 1590 3653 reversus
1642 3582 1911 3655 civibus
1969 3586 2363 3669 renunciat,
2446 3583 2837 3674 quadriduo
2900 3581 3382 3675 praeterlapso
3437 3580 3555 3652 de·

881 3743 1067 3793 mum
1111 3741 1527 3811 egressuros
1568 3741 1727 3791 esse
1766 3719 2402 3794 Lacedaemonios:
2445 3724 2530 3792 Iu
2553 3722 2723 3793 stin
2750 3742 2841 3792 us
2884 3722 2960 3809 Π,
3020 3722 3063 3790 9
3102 3718 3552 3813 (Ephorus?,·.

869 3854 1019 3929 lam
1058 3880 1227 3931 vero
1277 3879 1433 3932 cum
1473 3828 1761 3929 ante⁸6.
1807 3859 2344 3933 Boedromionis
2385 3860 2619 3932 lunam
2682 3864 2799 3930 14.
2856 3856 3400 3948 Metagitnionis
3438 3857 3550 3927 die

881 4018 1283 4090 supremum
1353 3996 1769 4089 completam
1845 4018 2002 4068 esse
2080 4006 2357 4070 constet
2404 3992 2779 4092 (Boeckh
2842 3995 3241 4087 Mondcycl.
3296 4019 3362 4089 p.
3405 3994 3549 4086 72⁸,

878 4134 1480 4207 Lacedaemonios
1563 4135 1687 4205 15.
1779 4133 1891 4203 die
1975 4134 2325 4226 profectos
2406 4157 2559 4205 esse
2628 4136 2969 4231 sequitur.
3088 4137 3184 4204 A'c
3236 4134 3560 4221 congruit

878 4274 1010 4345 hoc
1092 4271 1656 4344 luculentissime
1739 4290 1891 4342 cum
1949 4273 2364 4345 narratione
2421 4274 2539 4344 He
2564 4272 2971 4368 rodotea‚
3048 4292 3135 4343 ex
3193 4292 3330 4361 qua
3387 4268 3553 4343 Phi·.

881 4444 1129 4451 ——————-.-.-...
1185 4442 1298 4448 --—-—
1334 4442 1386 4447 —-

1087 4545 1159 4623 1)
1203 4543 1276 4607 In
1313 4542 1652 4607 Marmore
1683 4543 1840 4607 inde
1885 4562 1926 4607 a
1960 4544 2347 4628 Phaenippo
2395 4563 2606 4627 usque
2650 4544 2734 4609 ad
2768 4544 3175 4625 Diognetum
3224 4540 3350 4604 227
3394 4543 3554 4606 anni

885 4635 1348 4693 numerantur.
1445 4629 1587 4691 Iam
1640 4648 1798 4692 vero
1846 4649 1996 4692 cum
2045 4631 2396 4695 Max-moris
2444 4637 2677 4696 auctor
2719 4632 2844 4694 sibi
2891 4630 3022 4695 non
3067 4629 3272 4714 plane
3314 4632 3555 4693 consti-

880 4719 1051 4794 terit,
1125 4718 1277 4780 hinc
1321 4716 1475 4778 sciri
1523 4717 1782 4797 nequit,
1853 4715 2349 4781 intellexerit-ne
2398 4716 2513 4781 ille
2559 4717 2647 4781 ol.
2686 4715 2795 4798 72,
2833 4720 2874 4778 2
2904 4736 2986 4780 an
3022 4720 3111 4779 ol.
3148 4716 3255 4796 72,
3290 4717 3355 4781 3.
3406 4713 3547 4780 Sol-

878 4806 1050 4866 vitur
1093 4803 1396 4886 quaestio
1444 4818 1548 4880 e0,
1599 4802 1777 4883 quod
1833 4804 2300 4883 Dionysius
2348 4801 2453 4886 (A.
2510 4804 2591 4866 R.
2646 4803 2786 4884 VII,
2840 4800 2897 4887 1)
2952 4810 3018 4865 et
3061 4802 3547 4866 Pausanias

881 4888 1060 4967 (VL,
1109 4890 1173 4967 9,
1227 4889 1296 4967 5)
1345 4889 1842 4951 consentientes
1889 4890 1973 4963 ,0¹-
2028 4889 2133 4971 72,
2188 4891 2229 4950 2
2270 4892 2659 4955 archontem
2710 4890 2901 4953 nobis
2951 4894 3545 4953 conservaverunt.

875 4970 1006 5059 Qui
1055 4971 1174 5037 suit
1219 4974 1621 5055 Hybrilides.
