<?xml version="1.0" encoding="UTF-8"?>
<!DOCTYPE html PUBLIC "-//W3C//DTD XHTML 1.0 Transitional//EN"
    "http://www.w3.org/TR/xhtml1/DTD/xhtml1-transitional.dtd">
<html xmlns="http://www.w3.org/1999/xhtml" xml:lang="en" lang="en">
 <head>
  <title>
</title>
<meta http-equiv="Content-Type" content="text/html;charset=utf-8" />
  <meta name='ocr-system' content='tesseract 3.04.00' />
  <meta name='ocr-capabilities' content='ocr_page ocr_carea ocr_par ocr_line ocrx_word'/>
</head>
<body>
  <div class='ocr_page' id='page_1' title='image "./quaestionespisi00toepgoog_0158.png"; bbox 0 0 4057 5790; ppageno 0'>
   <div class='ocr_carea' id='block_1_1' title="bbox 1984 541 2557 620">
    <p class='ocr_par' dir='ltr' id='par_1_1' title="bbox 1984 541 2557 620">
     <span class='ocr_line' id='line_1_1' title="bbox 1984 541 2557 620; baseline -0.003 0"><span class='ocrx_word' id='word_1_1' title='bbox 1984 541 2557 620; x_wconf 79' lang='lat'>—146-</span> 
     </span>
    </p>
   </div>
   <div class='ocr_carea' id='block_1_2' title="bbox 933 781 3615 1292">
    <p class='ocr_par' dir='ltr' id='par_1_2' title="bbox 933 781 3615 1292">
     <span class='ocr_line' id='line_1_2' title="bbox 937 781 3613 881; baseline 0 -21"><span class='ocrx_word' id='word_1_2' title='bbox 937 787 1095 881; x_wconf 80' lang='lat' dir='ltr'><strong>Qua</strong></span> <span class='ocrx_word' id='word_1_3' title='bbox 1127 791 1146 804; x_wconf 83' lang='grc'><strong><em>”</em></strong></span> <span class='ocrx_word' id='word_1_4' title='bbox 1183 781 1729 862; x_wconf 79' lang='lat' dir='ltr'><strong>ratiocinatione</strong></span> <span class='ocrx_word' id='word_1_5' title='bbox 1810 791 2010 874; x_wconf 77' lang='lat' dir='ltr'><strong>nisus</strong></span> <span class='ocrx_word' id='word_1_6' title='bbox 2080 787 2409 879; x_wconf 88' lang='lat' dir='ltr'><strong>Doppius</strong></span> <span class='ocrx_word' id='word_1_7' title='bbox 2464 802 2567 860; x_wconf 84' lang='lat' dir='ltr'><strong>&#39;ex</strong></span> <span class='ocrx_word' id='word_1_8' title='bbox 2646 786 2887 879; x_wconf 89' lang='lat' dir='ltr'><strong>priore</strong></span> <span class='ocrx_word' id='word_1_9' title='bbox 2940 793 3147 879; x_wconf 87' lang='lat' dir='ltr'><strong>parte</strong></span> <span class='ocrx_word' id='word_1_10' title='bbox 3210 784 3613 879; x_wconf 75' lang='lat' dir='ltr'><strong>MarmoriS,</strong></span> 
     </span>
     <span class='ocr_line' id='line_1_3' title="bbox 933 922 3607 1020; baseline -0.001 -20"><span class='ocrx_word' id='word_1_11' title='bbox 933 928 1293 1018; x_wconf 82' lang='lat' dir='ltr'><strong>posterius</strong></span> <span class='ocrx_word' id='word_1_12' title='bbox 1371 927 1734 1020; x_wconf 85' lang='lat' dir='ltr'><strong>exsculpta</strong></span> <span class='ocrx_word' id='word_1_13' title='bbox 1822 925 1950 998; x_wconf 84' lang='lat' dir='ltr'><strong>illa</strong></span> <span class='ocrx_word' id='word_1_14' title='bbox 2038 926 2343 1016; x_wconf 85' lang='lat' dir='ltr'><strong>quidem,</strong></span> <span class='ocrx_word' id='word_1_15' title='bbox 2426 924 2879 998; x_wconf 90' lang='lat' dir='ltr'><strong>Boeckhii</strong></span> <span class='ocrx_word' id='word_1_16' title='bbox 2975 931 3377 1015; x_wconf 88' lang='lat' dir='ltr'><strong>computum</strong></span> <span class='ocrx_word' id='word_1_17' title='bbox 3466 922 3607 1015; x_wconf 80' lang='lat' dir='ltr'><strong>(A)</strong></span> 
     </span>
     <span class='ocr_line' id='line_1_4' title="bbox 941 1061 3615 1166; baseline -0.001 -31"><span class='ocrx_word' id='word_1_18' title='bbox 941 1065 1130 1148; x_wconf 87' lang='lat' dir='ltr'><strong>eicit,</strong></span> <span class='ocrx_word' id='word_1_19' title='bbox 1215 1064 1290 1135; x_wconf 91' lang='lat' dir='ltr'><strong>in</strong></span> <span class='ocrx_word' id='word_1_20' title='bbox 1347 1065 1578 1136; x_wconf 89' lang='lat' dir='ltr'><strong>altera</strong></span> <span class='ocrx_word' id='word_1_21' title='bbox 1631 1064 1920 1135; x_wconf 88' lang='lat' dir='ltr'><strong>retinet.</strong></span> <span class='ocrx_word' id='word_1_22' title='bbox 2030 1061 2173 1136; x_wconf 84' lang='lat' dir='ltr'><strong>Sed</strong></span> <span class='ocrx_word' id='word_1_23' title='bbox 2244 1061 2398 1134; x_wconf 91' lang='lat' dir='ltr'><strong>eius</strong></span> <span class='ocrx_word' id='word_1_24' title='bbox 2474 1063 3095 1166; x_wconf 78' lang='lat' dir='ltr'><strong>argumentationi,</strong></span> <span class='ocrx_word' id='word_1_25' title='bbox 3168 1061 3615 1152; x_wconf 86' lang='lat' dir='ltr'><strong>quantumvis</strong></span> 
     </span>
     <span class='ocr_line' id='line_1_5' title="bbox 935 1200 3611 1292; baseline -0.001 -20"><span class='ocrx_word' id='word_1_26' title='bbox 935 1200 1270 1273; x_wconf 77' lang='lat' dir='ltr'><strong>sollerter</strong></span> <span class='ocrx_word' id='word_1_27' title='bbox 1322 1203 1780 1292; x_wconf 83' lang='lat' dir='ltr'><strong>excogitatae,</strong></span> <span class='ocrx_word' id='word_1_28' title='bbox 1867 1201 2195 1290; x_wconf 85' lang='lat' dir='ltr'><strong>equidem</strong></span> <span class='ocrx_word' id='word_1_29' title='bbox 2266 1201 2715 1273; x_wconf 84' lang='lat' dir='ltr'><strong>subscribere</strong></span> <span class='ocrx_word' id='word_1_30' title='bbox 2772 1222 3072 1292; x_wconf 78' lang='lat' dir='ltr'><strong>nequeo,</strong></span> <span class='ocrx_word' id='word_1_31' title='bbox 3128 1219 3281 1272; x_wconf 92' lang='lat' dir='ltr'><strong>cum</strong></span> <span class='ocrx_word' id='word_1_32' title='bbox 3336 1219 3611 1272; x_wconf 88' lang='lat' dir='ltr'><strong>causam</strong></span> 
     </span>
    </p>
   </div>
   <div class='ocr_carea' id='block_1_3' title="bbox 797 1336 3613 1428">
    <p class='ocr_par' dir='ltr' id='par_1_3' title="bbox 797 1336 3613 1428">
     <span class='ocr_line' id='line_1_6' title="bbox 797 1336 3613 1428; baseline -0.001 -18"><span class='ocrx_word' id='word_1_33' title='bbox 797 1413 806 1428; x_wconf 64' lang='grc'><strong><em>,</em></strong></span> <span class='ocrx_word' id='word_1_34' title='bbox 934 1340 1189 1410; x_wconf 87' lang='lat' dir='ltr'><strong>iustam</strong></span> <span class='ocrx_word' id='word_1_35' title='bbox 1275 1361 1413 1411; x_wconf 90' lang='lat' dir='ltr'><strong>non</strong></span> <span class='ocrx_word' id='word_1_36' title='bbox 1493 1339 1793 1428; x_wconf 86' lang='lat' dir='ltr'><strong>videam,</strong></span> <span class='ocrx_word' id='word_1_37' title='bbox 1883 1359 2022 1428; x_wconf 83' lang='lat' dir='ltr'><strong>qua</strong></span> <span class='ocrx_word' id='word_1_38' title='bbox 2100 1336 2412 1412; x_wconf 87' lang='lat' dir='ltr'><strong>chronici</strong></span> <span class='ocrx_word' id='word_1_39' title='bbox 2494 1346 2741 1411; x_wconf 87' lang='lat' dir='ltr'><strong>auctor</strong></span> <span class='ocrx_word' id='word_1_40' title='bbox 2798 1346 3183 1412; x_wconf 89' lang='lat' dir='ltr'><strong>commotus</strong></span> <span class='ocrx_word' id='word_1_41' title='bbox 3240 1338 3359 1427; x_wconf 86' lang='lat' dir='ltr'><strong>sit,</strong></span> <span class='ocrx_word' id='word_1_42' title='bbox 3413 1337 3613 1408; x_wconf 88' lang='lat' dir='ltr'><strong>utin</strong></span> 
     </span>
    </p>
   </div>
   <div class='ocr_carea' id='block_1_4' title="bbox 895 1465 3619 2116">
    <p class='ocr_par' dir='ltr' id='par_1_4' title="bbox 895 1465 3619 2116">
     <span class='ocr_line' id='line_1_7' title="bbox 937 1465 3617 1567; baseline -0.001 -20"><span class='ocrx_word' id='word_1_43' title='bbox 937 1477 1166 1548; x_wconf 84' lang='lat' dir='ltr'><strong>altera</strong></span> <span class='ocrx_word' id='word_1_44' title='bbox 1214 1476 1474 1565; x_wconf 81' lang='lat' dir='ltr'><strong>lapidis</strong></span> <span class='ocrx_word' id='word_1_45' title='bbox 1528 1465 1735 1567; x_wconf 82' lang='lat' dir='ltr'><strong>parte</strong></span> <span class='ocrx_word' id='word_1_46' title='bbox 1788 1498 2075 1564; x_wconf 83' lang='lat' dir='ltr'><strong>annum,</strong></span> <span class='ocrx_word' id='word_1_47' title='bbox 2148 1497 2287 1566; x_wconf 91' lang='lat' dir='ltr'><strong>quo</strong></span> <span class='ocrx_word' id='word_1_48' title='bbox 2336 1477 2649 1548; x_wconf 78' lang='lat' dir='ltr'><strong>rat-iones</strong></span> <span class='ocrx_word' id='word_1_49' title='bbox 2702 1497 2867 1548; x_wconf 85' lang='lat' dir='ltr'><strong>suas</strong></span> <span class='ocrx_word' id='word_1_50' title='bbox 2922 1476 3321 1567; x_wconf 80' lang='lat' dir='ltr'><strong>insculpsit,</strong></span> <span class='ocrx_word' id='word_1_51' title='bbox 3379 1475 3617 1548; x_wconf 87' lang='lat' dir='ltr'><strong>exclu-</strong></span> 
     </span>
     <span class='ocr_line' id='line_1_8' title="bbox 939 1608 3616 1706; baseline -0.001 -20"><span class='ocrx_word' id='word_1_52' title='bbox 939 1614 1170 1706; x_wconf 85' lang='lat' dir='ltr'><strong>deret,</strong></span> <span class='ocrx_word' id='word_1_53' title='bbox 1267 1615 1340 1684; x_wconf 90' lang='lat' dir='ltr'><strong>in</strong></span> <span class='ocrx_word' id='word_1_54' title='bbox 1425 1614 1654 1686; x_wconf 86' lang='lat' dir='ltr'><strong>altera</strong></span> <span class='ocrx_word' id='word_1_55' title='bbox 1733 1616 2176 1705; x_wconf 84' lang='lat' dir='ltr'><strong>adiungeret.</strong></span> <span class='ocrx_word' id='word_1_56' title='bbox 2288 1615 2496 1706; x_wconf 82' lang='lat' dir='ltr'><strong>Quod</strong></span> <span class='ocrx_word' id='word_1_57' title='bbox 2585 1615 2769 1686; x_wconf 87' lang='lat' dir='ltr'><strong>enim</strong></span> <span class='ocrx_word' id='word_1_58' title='bbox 2846 1613 3275 1705; x_wconf 87' lang='lat' dir='ltr'><strong>Doppius</strong></span> <span class='ocrx_word' id='word_1_59' title='bbox 3328 1613 3431 1703; x_wconf 88' lang='lat' dir='ltr'><strong>(p.</strong></span> <span class='ocrx_word' id='word_1_60' title='bbox 3488 1608 3616 1706; x_wconf 83' lang='lat'><strong>61)</strong></span> 
     </span>
     <span class='ocr_line' id='line_1_9' title="bbox 936 1738 3618 1852; baseline 0 -31"><span class='ocrx_word' id='word_1_61' title='bbox 936 1738 1167 1841; x_wconf 82' lang='lat' dir='ltr'><strong>ipsum</strong></span> <span class='ocrx_word' id='word_1_62' title='bbox 1229 1753 1412 1842; x_wconf 89' lang='lat' dir='ltr'><strong>opus&#39;</strong></span> <span class='ocrx_word' id='word_1_63' title='bbox 1460 1772 1590 1842; x_wconf 92' lang='lat' dir='ltr'><strong>per</strong></span> <span class='ocrx_word' id='word_1_64' title='bbox 1643 1758 1863 1825; x_wconf 86' lang='lat' dir='ltr'><strong>totam</strong></span> <span class='ocrx_word' id='word_1_65' title='bbox 1915 1755 2172 1824; x_wconf 90' lang='lat' dir='ltr'><strong>seriem</strong></span> <span class='ocrx_word' id='word_1_66' title='bbox 2205 1773 2553 1824; x_wconf 87' lang='lat' dir='ltr'><strong>annorum</strong></span> <span class='ocrx_word' id='word_1_67' title='bbox 2592 1749 2853 1846; x_wconf 78' lang='lat' dir='ltr'>(264s3</span> <span class='ocrx_word' id='word_1_68' title='bbox 2884 1789 2983 1804; x_wconf 89' lang='lat'><strong>—-</strong></span> <span class='ocrx_word' id='word_1_69' title='bbox 3014 1743 3287 1852; x_wconf 72' lang='grc'>26312)</span> <span class='ocrx_word' id='word_1_70' title='bbox 3346 1771 3618 1840; x_wconf 90' lang='lat' dir='ltr'><strong>compo·</strong></span> 
     </span>
     <span class='ocr_line' id='line_1_10' title="bbox 895 1881 3619 1983; baseline -0.002 -19"><span class='ocrx_word' id='word_1_71' title='bbox 895 1881 1146 1964; x_wconf 87' lang='lat' dir='ltr'><strong>.situm</strong></span> <span class='ocrx_word' id='word_1_72' title='bbox 1229 1911 1391 1961; x_wconf 90' lang='lat' dir='ltr'><strong>esse</strong></span> <span class='ocrx_word' id='word_1_73' title='bbox 1473 1890 1765 1981; x_wconf 88' lang='lat' dir='ltr'><strong>adserit,</strong></span> <span class='ocrx_word' id='word_1_74' title='bbox 1850 1891 1921 1962; x_wconf 90' lang='lat' dir='ltr'><strong>id</strong></span> <span class='ocrx_word' id='word_1_75' title='bbox 2007 1893 2292 1963; x_wconf 89' lang='lat' dir='ltr'><strong>omnino</strong></span> <span class='ocrx_word' id='word_1_76' title='bbox 2326 1891 2691 1963; x_wconf 80' lang='lat' dir='ltr'><strong>abhorret</strong></span> <span class='ocrx_word' id='word_1_77' title='bbox 2744 1911 2897 1964; x_wconf 89' lang='lat' dir='ltr'><strong>cum</strong></span> <span class='ocrx_word' id='word_1_78' title='bbox 2956 1890 3045 1962; x_wconf 85' lang='lat' dir='ltr'><strong>ab</strong></span> <span class='ocrx_word' id='word_1_79' title='bbox 3099 1891 3253 1983; x_wconf 89' lang='lat' dir='ltr'><strong>ipsa</strong></span> <span class='ocrx_word' id='word_1_80' title='bbox 3306 1887 3619 1961; x_wconf 85' lang='lat' dir='ltr'><strong>chronici</strong></span> 
     </span>
     <span class='ocr_line' id='line_1_11' title="bbox 933 2025 3617 2116; baseline 0 -20"><span class='ocrx_word' id='word_1_81' title='bbox 933 2025 1199 2116; x_wconf 86' lang='lat' dir='ltr'><strong>indole,</strong></span> <span class='ocrx_word' id='word_1_82' title='bbox 1264 2033 1416 2098; x_wconf 90' lang='lat' dir='ltr'><strong>tum</strong></span> <span class='ocrx_word' id='word_1_83' title='bbox 1485 2047 1530 2098; x_wconf 85' lang='lat' dir='ltr'><strong>a</strong></span> <span class='ocrx_word' id='word_1_84' title='bbox 1588 2028 1876 2100; x_wconf 79' lang='lat' dir='ltr'><strong>disertis</strong></span> <span class='ocrx_word' id='word_1_85' title='bbox 1929 2029 2166 2100; x_wconf 86' lang='lat' dir='ltr'><strong>verbis</strong></span> <span class='ocrx_word' id='word_1_86' title='bbox 2213 2029 2539 2100; x_wconf 63' lang='lat' dir='ltr'><strong>auctoris„</strong></span> <span class='ocrx_word' id='word_1_87' title='bbox 2618 2026 2835 2099; x_wconf 84' lang='lat' dir='ltr'><strong>Pario</strong></span> <span class='ocrx_word' id='word_1_88' title='bbox 2889 2026 3133 2116; x_wconf 88' lang='lat' dir='ltr'><strong>procul</strong></span> <span class='ocrx_word' id='word_1_89' title='bbox 3183 2026 3423 2116; x_wconf 86' lang='lat' dir='ltr'><strong>dubio,</strong></span> <span class='ocrx_word' id='word_1_90' title='bbox 3468 2043 3617 2097; x_wconf 89' lang='lat' dir='ltr'><strong>cum</strong></span> 
     </span>
    </p>
   </div>
   <div class='ocr_carea' id='block_1_5' title="bbox 797 2163 3619 2256">
    <p class='ocr_par' dir='ltr' id='par_1_5' title="bbox 797 2163 3619 2256">
     <span class='ocr_line' id='line_1_12' title="bbox 797 2163 3619 2256; baseline -0 -23"><span class='ocrx_word' id='word_1_91' title='bbox 797 2205 802 2210; x_wconf 84' lang='lat'><strong>·</strong></span> <span class='ocrx_word' id='word_1_92' title='bbox 940 2183 1118 2253; x_wconf 90' lang='lat' dir='ltr'><strong>opus</strong></span> <span class='ocrx_word' id='word_1_93' title='bbox 1187 2185 1387 2234; x_wconf 90' lang='lat' dir='ltr'><strong>suum</strong></span> <span class='ocrx_word' id='word_1_94' title='bbox 1441 2165 1846 2256; x_wconf 83' lang='lat' dir='ltr'><strong>conficeret,</strong></span> <span class='ocrx_word' id='word_1_95' title='bbox 1875 2171 2025 2237; x_wconf 89' lang='lat' dir='ltr'><strong>tota</strong></span> <span class='ocrx_word' id='word_1_96' title='bbox 2054 2167 2486 2256; x_wconf 86' lang='lat' dir='ltr'><strong>computatio</strong></span> <span class='ocrx_word' id='word_1_97' title='bbox 2514 2168 2584 2236; x_wconf 93' lang='lat' dir='ltr'><strong>in</strong></span> <span class='ocrx_word' id='word_1_98' title='bbox 2627 2164 2871 2237; x_wconf 86' lang='lat' dir='ltr'><strong>charta</strong></span> <span class='ocrx_word' id='word_1_99' title='bbox 2902 2163 3190 2254; x_wconf 82' lang='lat' dir='ltr'><strong>depicta.</strong></span> <span class='ocrx_word' id='word_1_100' title='bbox 3216 2163 3302 2234; x_wconf 90' lang='lat' dir='ltr'><strong>ad</strong></span> <span class='ocrx_word' id='word_1_101' title='bbox 3338 2181 3619 2234; x_wconf 87' lang='lat' dir='ltr'><strong>manum</strong></span> 
     </span>
    </p>
   </div>
   <div class='ocr_carea' id='block_1_6' title="bbox 927 2296 3623 3501">
    <p class='ocr_par' dir='ltr' id='par_1_6' title="bbox 927 2296 3623 3501">
     <span class='ocr_line' id='line_1_13' title="bbox 933 2296 3623 2393; baseline 0 -24"><span class='ocrx_word' id='word_1_102' title='bbox 933 2296 1093 2391; x_wconf 80' lang='lat' dir='ltr'><strong>fuit,</strong></span> <span class='ocrx_word' id='word_1_103' title='bbox 1152 2302 1340 2373; x_wconf 89' lang='lat' dir='ltr'><strong>unde</strong></span> <span class='ocrx_word' id='word_1_104' title='bbox 1377 2323 1530 2372; x_wconf 88' lang='lat' dir='ltr'><strong>eam</strong></span> <span class='ocrx_word' id='word_1_105' title='bbox 1593 2303 1966 2374; x_wconf 81' lang='lat' dir='ltr'><strong>transtulit</strong></span> <span class='ocrx_word' id='word_1_106' title='bbox 2005 2304 2075 2373; x_wconf 89' lang='lat' dir='ltr'><strong>in</strong></span> <span class='ocrx_word' id='word_1_107' title='bbox 2102 2302 2471 2393; x_wconf 70' lang='lat' dir='ltr'><strong>lapidem·</strong></span> <span class='ocrx_word' id='word_1_108' title='bbox 2507 2301 2745 2374; x_wconf 85' lang='lat' dir='ltr'><strong>Aliter</strong></span> <span class='ocrx_word' id='word_1_109' title='bbox 2785 2323 2963 2393; x_wconf 89' lang='lat' dir='ltr'><strong>opus</strong></span> <span class='ocrx_word' id='word_1_110' title='bbox 3002 2311 3141 2373; x_wconf 90' lang='lat' dir='ltr'><strong>tam</strong></span> <span class='ocrx_word' id='word_1_111' title='bbox 3185 2301 3333 2372; x_wconf 89' lang='lat' dir='ltr'><strong>late</strong></span> <span class='ocrx_word' id='word_1_112' title='bbox 3368 2308 3623 2391; x_wconf 84' lang='lat' dir='ltr'><strong>patens</strong></span> 
     </span>
     <span class='ocr_line' id='line_1_14' title="bbox 935 2438 3607 2531; baseline 0.001 -24"><span class='ocrx_word' id='word_1_113' title='bbox 935 2445 1009 2508; x_wconf 91' lang='lat' dir='ltr'><strong>et</strong></span> <span class='ocrx_word' id='word_1_114' title='bbox 1057 2459 1144 2508; x_wconf 81' lang='lat' dir='ltr'><strong>ex</strong></span> <span class='ocrx_word' id='word_1_115' title='bbox 1189 2438 1690 2512; x_wconf 89' lang='lat' dir='ltr'><strong>diversissimis</strong></span> <span class='ocrx_word' id='word_1_116' title='bbox 1747 2439 2067 2513; x_wconf 88' lang='lat' dir='ltr'><strong>fontibus</strong></span> <span class='ocrx_word' id='word_1_117' title='bbox 2106 2448 2513 2531; x_wconf 84' lang='lat' dir='ltr'><strong>congestum</strong></span> <span class='ocrx_word' id='word_1_118' title='bbox 2556 2441 2801 2514; x_wconf 89' lang='lat' dir='ltr'><strong>confici</strong></span> <span class='ocrx_word' id='word_1_119' title='bbox 2838 2441 3125 2512; x_wconf 89' lang='lat' dir='ltr'><strong>omnino</strong></span> <span class='ocrx_word' id='word_1_120' title='bbox 3172 2461 3309 2510; x_wconf 92' lang='lat' dir='ltr'><strong>non</strong></span> <span class='ocrx_word' id='word_1_121' title='bbox 3350 2439 3607 2529; x_wconf 85' lang='lat' dir='ltr'><strong>potuit.</strong></span> 
     </span>
     <span class='ocr_line' id='line_1_15' title="bbox 936 2573 3611 2682; baseline -0.001 -36"><span class='ocrx_word' id='word_1_122' title='bbox 936 2573 1146 2666; x_wconf 81' lang='lat' dir='ltr'><strong>Quod</strong></span> <span class='ocrx_word' id='word_1_123' title='bbox 1225 2577 1286 2648; x_wconf 87' lang='lat' dir='ltr'><strong>si</strong></span> <span class='ocrx_word' id='word_1_124' title='bbox 1340 2585 1663 2650; x_wconf 85' lang='lat' dir='ltr'><strong>tenemus</strong></span> <span class='ocrx_word' id='word_1_125' title='bbox 1755 2579 1898 2650; x_wconf 88' lang='lat' dir='ltr'><strong>iam</strong></span> <span class='ocrx_word' id='word_1_126' title='bbox 1958 2599 2399 2669; x_wconf 84' lang='lat' dir='ltr'><strong>nequaquam</strong></span> <span class='ocrx_word' id='word_1_127' title='bbox 2474 2586 2712 2682; x_wconf 74' lang='lat' dir='ltr'><strong>potest</strong></span> <span class='ocrx_word' id='word_1_128' title='bbox 2763 2580 3111 2670; x_wconf 75' lang='lat' dir='ltr'><strong>exputari,</strong></span> <span class='ocrx_word' id='word_1_129' title='bbox 3194 2595 3319 2649; x_wconf 90' lang='lat' dir='ltr'><strong>cur</strong></span> <span class='ocrx_word' id='word_1_130' title='bbox 3370 2582 3611 2648; x_wconf 87' lang='lat' dir='ltr'><strong>auctor</strong></span> 
     </span>
     <span class='ocr_line' id='line_1_16' title="bbox 941 2713 3607 2808; baseline 0.001 -24"><span class='ocrx_word' id='word_1_131' title='bbox 941 2713 1110 2784; x_wconf 87' lang='lat' dir='ltr'><strong>inde</strong></span> <span class='ocrx_word' id='word_1_132' title='bbox 1159 2735 1201 2785; x_wconf 87' lang='lat' dir='ltr'><strong>a</strong></span> <span class='ocrx_word' id='word_1_133' title='bbox 1245 2716 1395 2786; x_wconf 89' lang='lat' dir='ltr'><strong>suis</strong></span> <span class='ocrx_word' id='word_1_134' title='bbox 1449 2717 1888 2808; x_wconf 82' lang='lat' dir='ltr'><strong>temporibus</strong></span> <span class='ocrx_word' id='word_1_135' title='bbox 1943 2738 2236 2790; x_wconf 83' lang='lat' dir='ltr'><strong>exorsus</strong></span> <span class='ocrx_word' id='word_1_136' title='bbox 2292 2719 2553 2789; x_wconf 90' lang='lat' dir='ltr'><strong>sensim</strong></span> <span class='ocrx_word' id='word_1_137' title='bbox 2608 2718 2696 2790; x_wconf 85' lang='lat' dir='ltr'><strong>ad</strong></span> <span class='ocrx_word' id='word_1_138' title='bbox 2744 2717 3057 2790; x_wconf 88' lang='lat' dir='ltr'><strong>ultimam</strong></span> <span class='ocrx_word' id='word_1_139' title='bbox 3116 2718 3607 2807; x_wconf 86' lang='lat' dir='ltr'><strong>antiquitatem</strong></span> 
     </span>
     <span class='ocr_line' id='line_1_17' title="bbox 932 2847 3607 2947; baseline 0.001 -26"><span class='ocrx_word' id='word_1_140' title='bbox 932 2852 1384 2945; x_wconf 89' lang='lat' dir='ltr'><strong>processerit.</strong></span> <span class='ocrx_word' id='word_1_141' title='bbox 1493 2847 1708 2928; x_wconf 90' lang='lat' dir='ltr'><strong>Immo</strong></span> <span class='ocrx_word' id='word_1_142' title='bbox 1767 2875 1906 2946; x_wconf 87' lang='lat' dir='ltr'><strong>qua</strong></span> <span class='ocrx_word' id='word_1_143' title='bbox 1955 2857 2234 2928; x_wconf 84' lang='lat' dir='ltr'><strong>ratione</strong></span> <span class='ocrx_word' id='word_1_144' title='bbox 2292 2856 2365 2926; x_wconf 92' lang='lat' dir='ltr'><strong>in</strong></span> <span class='ocrx_word' id='word_1_145' title='bbox 2425 2855 2630 2927; x_wconf 89' lang='lat' dir='ltr'><strong>annis</strong></span> <span class='ocrx_word' id='word_1_146' title='bbox 2663 2856 3151 2947; x_wconf 87' lang='lat' dir='ltr'><strong>computandis</strong></span> <span class='ocrx_word' id='word_1_147' title='bbox 3188 2875 3360 2927; x_wconf 88' lang='lat' dir='ltr'><strong>usus</strong></span> <span class='ocrx_word' id='word_1_148' title='bbox 3399 2860 3607 2937; x_wconf 85' lang='lat' dir='ltr'><strong>esset,</strong></span> 
     </span>
     <span class='ocr_line' id='line_1_18' title="bbox 928 2990 3609 3089; baseline -0.001 -26"><span class='ocrx_word' id='word_1_149' title='bbox 928 2992 1103 3063; x_wconf 85' lang='lat' dir='ltr'><strong>satis</strong></span> <span class='ocrx_word' id='word_1_150' title='bbox 1159 2990 1660 3065; x_wconf 81' lang='lat' dir='ltr'><strong>mihi-videtur</strong></span> <span class='ocrx_word' id='word_1_151' title='bbox 1713 2995 2064 3067; x_wconf 87' lang='lat' dir='ltr'><strong>indicasse</strong></span> <span class='ocrx_word' id='word_1_152' title='bbox 2110 2996 2183 3067; x_wconf 91' lang='lat' dir='ltr'><strong>in</strong></span> <span class='ocrx_word' id='word_1_153' title='bbox 2240 2998 2602 3085; x_wconf 86' lang='lat' dir='ltr'><strong>prooemio</strong></span> <span class='ocrx_word' id='word_1_154' title='bbox 2653 2994 2960 3067; x_wconf 90' lang='lat' dir='ltr'><strong>Parius</strong></span> <span class='ocrx_word' id='word_1_155' title='bbox 3016 2998 3201 3085; x_wconf 87' lang='lat' dir='ltr'><strong>ipse:</strong></span> <span class='ocrx_word' id='word_1_156' title='bbox 3259 2990 3609 3089; x_wconf 79' lang='grc' dir='ltr'>ἀνέγραψα</span> 
     </span>
     <span class='ocr_line' id='line_1_19' title="bbox 929 3124 3607 3230; baseline 0 -34"><span class='ocrx_word' id='word_1_157' title='bbox 929 3180 946 3196; x_wconf 94' lang='grc'><strong><em>.</em></strong></span> <span class='ocrx_word' id='word_1_158' title='bbox 999 3179 1016 3197; x_wconf 93' lang='grc'><strong>.</strong></span> <span class='ocrx_word' id='word_1_159' title='bbox 1071 3179 1089 3196; x_wconf 93' lang='grc'><strong>.</strong></span> <span class='ocrx_word' id='word_1_160' title='bbox 1148 3124 1578 3223; x_wconf 74' lang='grc' dir='ltr'>ἀρξάμ[εν]ος</span> <span class='ocrx_word' id='word_1_161' title='bbox 1633 3128 1766 3199; x_wconf 83' lang='grc' dir='ltr'><strong>ἀπὸ</strong></span> <span class='ocrx_word' id='word_1_162' title='bbox 1818 3124 2169 3227; x_wconf 81' lang='grc' dir='ltr'>Κέκροπος</span> <span class='ocrx_word' id='word_1_163' title='bbox 2220 3137 2335 3201; x_wconf 81' lang='grc' dir='ltr'><strong>τοῦ</strong></span> <span class='ocrx_word' id='word_1_164' title='bbox 2389 3135 2659 3229; x_wconf 83' lang='grc' dir='ltr'>πρώτου</span> <span class='ocrx_word' id='word_1_165' title='bbox 2718 3129 3231 3230; x_wconf 77' lang='grc' dir='ltr'>βασιλεύσαντος</span> <span class='ocrx_word' id='word_1_166' title='bbox 3270 3124 3607 3225; x_wconf 74' lang='grc' dir='ltr'>Ἀθηνῶν</span> 
     </span>
     <span class='ocr_line' id='line_1_20' title="bbox 931 3262 3599 3366; baseline 0 -32"><span class='ocrx_word' id='word_1_167' title='bbox 931 3262 1085 3339; x_wconf 78' lang='grc' dir='ltr'>εἵως</span> <span class='ocrx_word' id='word_1_168' title='bbox 1163 3262 1482 3361; x_wconf 79' lang='grc' dir='ltr'>ἄρχοντος</span> <span class='ocrx_word' id='word_1_169' title='bbox 1561 3267 1646 3360; x_wconf 86' lang='grc' dir='ltr'><strong>ἐμ</strong></span> <span class='ocrx_word' id='word_1_170' title='bbox 1709 3262 1920 3365; x_wconf 82' lang='grc' dir='ltr'>Πάρῳ</span> <span class='ocrx_word' id='word_1_171' title='bbox 1983 3326 2000 3341; x_wconf 95' lang='grc'><strong>.</strong></span> <span class='ocrx_word' id='word_1_172' title='bbox 2060 3324 2076 3339; x_wconf 94' lang='grc'><strong>.</strong></span> <span class='ocrx_word' id='word_1_173' title='bbox 2137 3324 2152 3338; x_wconf 94' lang='grc'><strong>.</strong></span> <span class='ocrx_word' id='word_1_174' title='bbox 2208 3314 2245 3339; x_wconf 88' lang='grc'><strong>.-</strong></span> <span class='ocrx_word' id='word_1_175' title='bbox 2282 3271 2622 3353; x_wconf 80' lang='grc' dir='ltr'>υάνακτος,</span> <span class='ocrx_word' id='word_1_176' title='bbox 2670 3263 3041 3366; x_wconf 79' lang='grc' dir='ltr'>Ἀθήνησιν</span> <span class='ocrx_word' id='word_1_177' title='bbox 3096 3268 3171 3340; x_wconf 83' lang='grc' dir='ltr'><strong>δὲ</strong></span> <span class='ocrx_word' id='word_1_178' title='bbox 3222 3266 3599 3364; x_wconf 80' lang='grc' dir='ltr'>Διογνήτου.</span> 
     </span>
     <span class='ocr_line' id='line_1_21' title="bbox 927 3397 3596 3501; baseline 0.002 -29"><span class='ocrx_word' id='word_1_179' title='bbox 927 3397 1242 3478; x_wconf 90' lang='lat' dir='ltr'><strong>Instituit</strong></span> <span class='ocrx_word' id='word_1_180' title='bbox 1291 3407 1512 3496; x_wconf 85' lang='lat' dir='ltr'><strong>igitur</strong></span> <span class='ocrx_word' id='word_1_181' title='bbox 1587 3407 1713 3478; x_wconf 91' lang='lat' dir='ltr'><strong>ille</strong></span> <span class='ocrx_word' id='word_1_182' title='bbox 1769 3410 1872 3479; x_wconf 84' lang='lat' dir='ltr'><strong>ita</strong></span> <span class='ocrx_word' id='word_1_183' title='bbox 1924 3410 2270 3481; x_wconf 85' lang='lat' dir='ltr'><strong>rationem</strong></span> <span class='ocrx_word' id='word_1_184' title='bbox 2328 3431 2549 3494; x_wconf 88' lang='lat' dir='ltr'><strong>suam,</strong></span> <span class='ocrx_word' id='word_1_185' title='bbox 2630 3415 2708 3481; x_wconf 90' lang='lat' dir='ltr'><strong>ut</strong></span> <span class='ocrx_word' id='word_1_186' title='bbox 2759 3409 2925 3481; x_wconf 92' lang='lat' dir='ltr'><strong>inde</strong></span> <span class='ocrx_word' id='word_1_187' title='bbox 2979 3431 3021 3479; x_wconf 86' lang='lat' dir='ltr'><strong>a</strong></span> <span class='ocrx_word' id='word_1_188' title='bbox 3070 3407 3387 3501; x_wconf 84' lang='lat' dir='ltr'><strong>Cecrope</strong></span> <span class='ocrx_word' id='word_1_189' title='bbox 3441 3427 3596 3497; x_wconf 89' lang='lat' dir='ltr'><strong>pro·</strong></span> 
     </span>
    </p>
   </div>
   <div class='ocr_carea' id='block_1_7' title="bbox 921 3540 3739 3773">
    <p class='ocr_par' dir='ltr' id='par_1_7' title="bbox 921 3540 3739 3773">
     <span class='ocr_line' id='line_1_22' title="bbox 921 3540 3667 3637; baseline 0 -24"><span class='ocrx_word' id='word_1_190' title='bbox 921 3540 1148 3617; x_wconf 79' lang='lat' dir='ltr'><strong>fectus</strong></span> <span class='ocrx_word' id='word_1_191' title='bbox 1187 3544 1626 3635; x_wconf 78' lang='lat' dir='ltr'><strong>singulorum</strong></span> <span class='ocrx_word' id='word_1_192' title='bbox 1670 3566 1918 3636; x_wconf 88' lang='lat' dir='ltr'><strong>regum</strong></span> <span class='ocrx_word' id='word_1_193' title='bbox 1959 3546 2072 3617; x_wconf 87' lang='lat' dir='ltr'><strong>vel</strong></span> <span class='ocrx_word' id='word_1_194' title='bbox 2108 3546 2525 3618; x_wconf 83' lang='lat' dir='ltr'><strong>archontum</strong></span> <span class='ocrx_word' id='word_1_195' title='bbox 2555 3547 2841 3618; x_wconf 90' lang='lat' dir='ltr'><strong>nomina</strong></span> <span class='ocrx_word' id='word_1_196' title='bbox 2897 3552 3603 3633; x_wconf 66' lang='lat' dir='ltr'><strong>numeraretnsque</strong></span> <span class='ocrx_word' id='word_1_197' title='bbox 3659 3634 3667 3637; x_wconf 25' lang='grc'><strong>,</strong></span> 
     </span>
     <span class='ocr_line' id='line_1_23' title="bbox 927 3678 3739 3773; baseline 0.001 -22"><span class='ocrx_word' id='word_1_198' title='bbox 927 3680 1016 3751; x_wconf 86' lang='lat' dir='ltr'><strong>ad</strong></span> <span class='ocrx_word' id='word_1_199' title='bbox 1068 3678 1526 3769; x_wconf 87' lang='lat' dir='ltr'><strong>Diognetum.</strong></span> <span class='ocrx_word' id='word_1_200' title='bbox 1591 3679 1748 3754; x_wconf 86' lang='lat' dir='ltr'><strong>Hoc</strong></span> <span class='ocrx_word' id='word_1_201' title='bbox 1801 3704 1970 3753; x_wconf 89' lang='lat' dir='ltr'><strong>sane</strong></span> <span class='ocrx_word' id='word_1_202' title='bbox 2030 3683 2423 3755; x_wconf 85' lang='lat' dir='ltr'><strong>rectissime</strong></span> <span class='ocrx_word' id='word_1_203' title='bbox 2470 3684 2795 3773; x_wconf 86' lang='lat' dir='ltr'><strong>posuisse</strong></span> <span class='ocrx_word' id='word_1_204' title='bbox 2846 3684 3142 3755; x_wconf 81' lang='lat' dir='ltr'><strong>videtur</strong></span> <span class='ocrx_word' id='word_1_205' title='bbox 3190 3682 3608 3754; x_wconf 83' lang='lat' dir='ltr'><strong>Wilamo-</strong></span> <span class='ocrx_word' id='word_1_206' title='bbox 3708 3680 3739 3691; x_wconf 83' lang='grc'><strong>“”</strong></span> 
     </span>
    </p>
   </div>
   <div class='ocr_carea' id='block_1_8' title="bbox 927 3818 3605 4051">
    <p class='ocr_par' dir='ltr' id='par_1_8' title="bbox 927 3818 3605 4051">
     <span class='ocr_line' id='line_1_24' title="bbox 927 3818 3605 3915; baseline 0.001 -28"><span class='ocrx_word' id='word_1_207' title='bbox 927 3818 1299 3889; x_wconf 89' lang='lat' dir='ltr'><strong>witzius</strong></span> <span class='ocrx_word' id='word_1_208' title='bbox 1351 3819 1632 3909; x_wconf 82' lang='lat' dir='ltr'><strong>(Antig.</strong></span> <span class='ocrx_word' id='word_1_209' title='bbox 1671 3840 1739 3910; x_wconf 89' lang='lat' dir='ltr'><strong>p.</strong></span> <span class='ocrx_word' id='word_1_210' title='bbox 1784 3821 1970 3909; x_wconf 87' lang='grc'>252)</span> <span class='ocrx_word' id='word_1_211' title='bbox 2026 3840 2257 3909; x_wconf 87' lang='lat' dir='ltr'><strong>neque</strong></span> <span class='ocrx_word' id='word_1_212' title='bbox 2314 3841 2472 3890; x_wconf 89' lang='lat' dir='ltr'><strong>eum</strong></span> <span class='ocrx_word' id='word_1_213' title='bbox 2527 3840 2569 3891; x_wconf 87' lang='lat' dir='ltr'><strong>a</strong></span> <span class='ocrx_word' id='word_1_214' title='bbox 2616 3819 2902 3915; x_wconf 90' lang='lat' dir='ltr'><strong>Doppio</strong></span> <span class='ocrx_word' id='word_1_215' title='bbox 2960 3842 3185 3911; x_wconf 86' lang='lat' dir='ltr'><strong>nuper</strong></span> <span class='ocrx_word' id='word_1_216' title='bbox 3220 3819 3605 3893; x_wconf 81' lang='lat' dir='ltr'><strong>refutatum</strong></span> 
     </span>
     <span class='ocr_line' id='line_1_25' title="bbox 927 3954 3598 4051; baseline 0.001 -24"><span class='ocrx_word' id='word_1_217' title='bbox 927 3964 1082 4027; x_wconf 85' lang='lat' dir='ltr'><strong>esse</strong></span> <span class='ocrx_word' id='word_1_218' title='bbox 1123 3957 1509 4029; x_wconf 86' lang='lat' dir='ltr'><strong>concedere</strong></span> <span class='ocrx_word' id='word_1_219' title='bbox 1566 3970 1876 4046; x_wconf 87' lang='lat' dir='ltr'><strong>possum.</strong></span> <span class='ocrx_word' id='word_1_220' title='bbox 1985 3954 2131 4027; x_wconf 88' lang='lat' dir='ltr'><strong>Sed</strong></span> <span class='ocrx_word' id='word_1_221' title='bbox 2193 3957 2377 4028; x_wconf 90' lang='lat' dir='ltr'><strong>unde</strong></span> <span class='ocrx_word' id='word_1_222' title='bbox 2434 3958 2715 4029; x_wconf 84' lang='lat' dir='ltr'><strong>tandem</strong></span> <span class='ocrx_word' id='word_1_223' title='bbox 2768 3958 3171 4031; x_wconf 86' lang='lat' dir='ltr'><strong>differentia</strong></span> <span class='ocrx_word' id='word_1_224' title='bbox 3212 3960 3340 4030; x_wconf 82' lang='lat' dir='ltr'><strong>illa</strong></span> <span class='ocrx_word' id='word_1_225' title='bbox 3376 3960 3598 4051; x_wconf 89' lang='lat' dir='ltr'><strong>irrep·</strong></span> 
     </span>
    </p>
   </div>
   <div class='ocr_carea' id='block_1_9' title="bbox 925 4093 3627 4190">
    <p class='ocr_par' dir='ltr' id='par_1_9' title="bbox 925 4093 3627 4190">
     <span class='ocr_line' id='line_1_26' title="bbox 925 4093 3627 4190; baseline 0.001 -27"><span class='ocrx_word' id='word_1_226' title='bbox 925 4094 1019 4164; x_wconf 86' lang='lat' dir='ltr'><strong>sit</strong></span> <span class='ocrx_word' id='word_1_227' title='bbox 1068 4094 1140 4164; x_wconf 92' lang='lat' dir='ltr'><strong>in</strong></span> <span class='ocrx_word' id='word_1_228' title='bbox 1199 4095 1842 4185; x_wconf 83' lang='lat' dir='ltr'><strong>computationem?</strong></span> <span class='ocrx_word' id='word_1_229' title='bbox 1950 4093 2283 4185; x_wconf 90' lang='lat' dir='ltr'><strong>Doppii</strong></span> <span class='ocrx_word' id='word_1_230' title='bbox 2353 4096 2443 4169; x_wconf 87' lang='lat' dir='ltr'><strong>de</strong></span> <span class='ocrx_word' id='word_1_231' title='bbox 2500 4097 2657 4167; x_wconf 75' lang='lat' dir='ltr'><strong>eius·</strong></span> <span class='ocrx_word' id='word_1_232' title='bbox 2708 4097 2935 4169; x_wconf 81' lang='lat' dir='ltr'><strong>causis</strong></span> <span class='ocrx_word' id='word_1_233' title='bbox 2986 4098 3387 4188; x_wconf 89' lang='lat' dir='ltr'><strong>opinionem</strong></span> <span class='ocrx_word' id='word_1_234' title='bbox 3444 4118 3627 4190; x_wconf 29' lang='lat' dir='ltr'><strong>per&amp;</strong></span> 
     </span>
    </p>
   </div>
   <div class='ocr_carea' id='block_1_10' title="bbox 924 4222 3601 4877">
    <p class='ocr_par' dir='ltr' id='par_1_10' title="bbox 924 4222 3601 4877">
     <span class='ocr_line' id='line_1_27' title="bbox 925 4222 3601 4337; baseline 0.001 -35"><span class='ocrx_word' id='word_1_235' title='bbox 925 4231 1406 4303; x_wconf 86' lang='lat' dir='ltr'><strong>lustravimus.</strong></span> <span class='ocrx_word' id='word_1_236' title='bbox 1513 4230 1763 4302; x_wconf 88' lang='lat' dir='ltr'><strong>Aliter</strong></span> <span class='ocrx_word' id='word_1_237' title='bbox 1812 4230 1899 4301; x_wconf 88' lang='lat' dir='ltr'><strong>de</strong></span> <span class='ocrx_word' id='word_1_238' title='bbox 1952 4230 2086 4305; x_wconf 86' lang='lat' dir='ltr'><strong>hac</strong></span> <span class='ocrx_word' id='word_1_239' title='bbox 2140 4251 2218 4302; x_wconf 89' lang='lat' dir='ltr'><strong>re</strong></span> <span class='ocrx_word' id='word_1_240' title='bbox 2274 4233 2611 4305; x_wconf 90' lang='lat' dir='ltr'><strong>iudicavit</strong></span> <span class='ocrx_word' id='word_1_241' title='bbox 2646 4232 3341 4307; x_wconf 89' lang='lat' dir='ltr'><strong>Gutschmidius</strong></span> <span class='ocrx_word' id='word_1_242' title='bbox 3379 4222 3601 4337; x_wconf 83' lang='lat' dir='ltr'><strong>(apud</strong></span> 
     </span>
     <span class='ocr_line' id='line_1_28' title="bbox 925 4366 3599 4465; baseline 0.001 -26"><span class='ocrx_word' id='word_1_243' title='bbox 925 4367 1294 4441; x_wconf 87' lang='lat' dir='ltr'><strong>Flachium</strong></span> <span class='ocrx_word' id='word_1_244' title='bbox 1350 4388 1419 4457; x_wconf 91' lang='lat' dir='ltr'><strong>p.</strong></span> <span class='ocrx_word' id='word_1_245' title='bbox 1474 4366 1754 4462; x_wconf 87' lang='lat' dir='ltr'><strong>XVII),</strong></span> <span class='ocrx_word' id='word_1_246' title='bbox 1807 4370 1926 4457; x_wconf 91' lang='lat' dir='ltr'><strong>qui</strong></span> <span class='ocrx_word' id='word_1_247' title='bbox 1963 4378 2338 4465; x_wconf 81' lang='lat' dir='ltr'><strong>auctorem</strong></span> <span class='ocrx_word' id='word_1_248' title='bbox 2377 4372 2451 4442; x_wconf 90' lang='lat' dir='ltr'><strong>in</strong></span> <span class='ocrx_word' id='word_1_249' title='bbox 2490 4372 2729 4462; x_wconf 89' lang='lat' dir='ltr'><strong>priore</strong></span> <span class='ocrx_word' id='word_1_250' title='bbox 2764 4372 3022 4465; x_wconf 84' lang='lat' dir='ltr'><strong>lapidis</strong></span> <span class='ocrx_word' id='word_1_251' title='bbox 3068 4380 3271 4463; x_wconf 86' lang='lat' dir='ltr'><strong>parte</strong></span> <span class='ocrx_word' id='word_1_252' title='bbox 3312 4393 3599 4463; x_wconf 89' lang='lat' dir='ltr'><strong>annum,</strong></span> 
     </span>
     <span class='ocr_line' id='line_1_29' title="bbox 924 4496 3601 4599; baseline 0.001 -23"><span class='ocrx_word' id='word_1_253' title='bbox 924 4508 998 4577; x_wconf 88' lang='lat' dir='ltr'><strong>in</strong></span> <span class='ocrx_word' id='word_1_254' title='bbox 1045 4496 1252 4597; x_wconf 84' lang='lat' dir='ltr'><strong>quem</strong></span> <span class='ocrx_word' id='word_1_255' title='bbox 1317 4506 1674 4598; x_wconf 81' lang='lat' dir='ltr'><strong>desiisset,</strong></span> <span class='ocrx_word' id='word_1_256' title='bbox 1753 4507 2156 4599; x_wconf 79' lang='lat' dir='ltr'><strong>inclusisse,</strong></span> <span class='ocrx_word' id='word_1_257' title='bbox 2210 4509 2285 4578; x_wconf 92' lang='lat' dir='ltr'><strong>in</strong></span> <span class='ocrx_word' id='word_1_258' title='bbox 2340 4509 2739 4599; x_wconf 87' lang='lat' dir='ltr'><strong>posteriore</strong></span> <span class='ocrx_word' id='word_1_259' title='bbox 2797 4530 2963 4582; x_wconf 86' lang='lat' dir='ltr'><strong>vero</strong></span> <span class='ocrx_word' id='word_1_260' title='bbox 3018 4509 3405 4582; x_wconf 85' lang='lat' dir='ltr'><strong>exclusisse</strong></span> <span class='ocrx_word' id='word_1_261' title='bbox 3446 4528 3601 4581; x_wconf 85' lang='lat' dir='ltr'><strong>cen-</strong></span> 
     </span>
     <span class='ocr_line' id='line_1_30' title="bbox 924 4618 3592 4740; baseline 0 -23"><span class='ocrx_word' id='word_1_262' title='bbox 924 4651 1035 4718; x_wconf 83' lang='lat' dir='ltr'><strong>set</strong></span> <span class='ocrx_word' id='word_1_263' title='bbox 1086 4644 1156 4740; x_wconf 81' lang='lat'><strong>¹).</strong></span> <span class='ocrx_word' id='word_1_264' title='bbox 1258 4643 1364 4715; x_wconf 88' lang='lat' dir='ltr'><strong>At</strong></span> <span class='ocrx_word' id='word_1_265' title='bbox 1435 4618 1694 4717; x_wconf 67' lang='lat' dir='ltr'><strong>facere&#39;</strong></span> <span class='ocrx_word' id='word_1_266' title='bbox 1747 4665 1886 4716; x_wconf 90' lang='lat' dir='ltr'><strong>non</strong></span> <span class='ocrx_word' id='word_1_267' title='bbox 1936 4666 2245 4736; x_wconf 89' lang='lat' dir='ltr'><strong>possum,</strong></span> <span class='ocrx_word' id='word_1_268' title='bbox 2330 4648 2499 4736; x_wconf 89' lang='lat' dir='ltr'><strong>quin</strong></span> <span class='ocrx_word' id='word_1_269' title='bbox 2558 4646 2906 4737; x_wconf 84' lang='lat' dir='ltr'><strong>obloquar</strong></span> <span class='ocrx_word' id='word_1_270' title='bbox 2957 4649 3111 4721; x_wconf 86' lang='lat' dir='ltr'><strong>viro</strong></span> <span class='ocrx_word' id='word_1_271' title='bbox 3167 4648 3592 4720; x_wconf 81' lang='lat' dir='ltr'><strong>doctissimo,</strong></span> 
     </span>
     <span class='ocr_line' id='line_1_31' title="bbox 924 4778 3601 4877; baseline 0 -22"><span class='ocrx_word' id='word_1_272' title='bbox 924 4778 1111 4855; x_wconf 85' lang='lat' dir='ltr'><strong>Nam</strong></span> <span class='ocrx_word' id='word_1_273' title='bbox 1169 4780 1494 4856; x_wconf 84' lang='lat' dir='ltr'><strong>Marmor</strong></span> <span class='ocrx_word' id='word_1_274' title='bbox 1544 4803 1713 4853; x_wconf 91' lang='lat' dir='ltr'><strong>num</strong></span> <span class='ocrx_word' id='word_1_275' title='bbox 1767 4784 2054 4854; x_wconf 91' lang='lat' dir='ltr'><strong>omnino</strong></span> <span class='ocrx_word' id='word_1_276' title='bbox 2104 4784 2207 4855; x_wconf 86' lang='lat' dir='ltr'><strong>ita</strong></span> <span class='ocrx_word' id='word_1_277' title='bbox 2259 4784 2489 4874; x_wconf 89' lang='lat' dir='ltr'><strong>possit</strong></span> <span class='ocrx_word' id='word_1_278' title='bbox 2540 4783 2910 4876; x_wconf 80' lang='lat' dir='ltr'><strong>bipartiti,</strong></span> <span class='ocrx_word' id='word_1_279' title='bbox 2966 4792 3046 4856; x_wconf 90' lang='lat' dir='ltr'><strong>ut</strong></span> <span class='ocrx_word' id='word_1_280' title='bbox 3098 4785 3281 4856; x_wconf 88' lang='lat' dir='ltr'><strong>alius</strong></span> <span class='ocrx_word' id='word_1_281' title='bbox 3335 4786 3406 4856; x_wconf 91' lang='lat' dir='ltr'><strong>in</strong></span> <span class='ocrx_word' id='word_1_282' title='bbox 3461 4786 3601 4877; x_wconf 89' lang='lat' dir='ltr'><strong>pri-</strong></span> 
     </span>
    </p>
   </div>
   <div class='ocr_carea' id='block_1_11' title="bbox 1117 4918 1540 4926">
    <p class='ocr_par' dir='ltr' id='par_1_11' title="bbox 1117 4918 1540 4926">
     <span class='ocr_line' id='line_1_32' title="bbox 1117 4918 1540 4926; baseline 0 864"><span class='ocrx_word' id='word_1_283' title='bbox 1117 4918 1540 4926; x_wconf 95' lang='lat' dir='ltr'><strong> </strong></span> 
     </span>
    </p>
   </div>
   <div class='ocr_carea' id='block_1_12' title="bbox 1135 4954 3424 5043">
    <p class='ocr_par' dir='ltr' id='par_1_12' title="bbox 1135 4954 3424 5043">
     <span class='ocr_line' id='line_1_33' title="bbox 1135 4954 3424 5043; baseline 0.002 -27"><span class='ocrx_word' id='word_1_284' title='bbox 1135 4957 1198 5037; x_wconf 75' lang='lat'><strong>1)</strong></span> <span class='ocrx_word' id='word_1_285' title='bbox 1248 4954 1716 5017; x_wconf 80' lang='lat' dir='ltr'><strong>Gutschmidio</strong></span> <span class='ocrx_word' id='word_1_286' title='bbox 1763 4956 2092 5019; x_wconf 82' lang='lat' dir='ltr'><strong>adsensus</strong></span> <span class='ocrx_word' id='word_1_287' title='bbox 2137 4963 2241 5018; x_wconf 88' lang='lat' dir='ltr'><strong>est</strong></span> <span class='ocrx_word' id='word_1_288' title='bbox 2285 4956 2547 5019; x_wconf 88' lang='lat' dir='ltr'><strong>Busol</strong></span> <span class='ocrx_word' id='word_1_289' title='bbox 2578 4958 2747 5019; x_wconf 90' lang='lat' dir='ltr'><strong>tius</strong></span> <span class='ocrx_word' id='word_1_290' title='bbox 2795 4958 2905 5019; x_wconf 86' lang='lat' dir='ltr'><strong>Gr.</strong></span> <span class='ocrx_word' id='word_1_291' title='bbox 2956 4955 3039 5019; x_wconf 83' lang='lat' dir='ltr'><strong>G.</strong></span> <span class='ocrx_word' id='word_1_292' title='bbox 3090 4954 3121 5019; x_wconf 94' lang='lat'><em>1</em></span> <span class='ocrx_word' id='word_1_293' title='bbox 3161 4977 3227 5043; x_wconf 89' lang='lat' dir='ltr'><strong>p.</strong></span> <span class='ocrx_word' id='word_1_294' title='bbox 3280 4956 3424 5020; x_wconf 72' lang='lat'><strong>493.</strong></span> 
     </span>
    </p>
   </div>
   <div class='ocr_carea' id='block_1_13' title="bbox 4040 883 4043 1434">
    <p class='ocr_par' dir='ltr' id='par_1_13' title="bbox 4040 883 4043 1434">
     <span class='ocr_line' id='line_1_34' title="bbox 4040 883 4043 1434; baseline 0 0"><span class='ocrx_word' id='word_1_295' title='bbox 4040 883 4043 1434; x_wconf 95' lang='lat' dir='ltr'><strong> </strong></span> 
     </span>
    </p>
   </div>
   <div class='ocr_carea' id='block_1_14' title="bbox 4041 2519 4044 3109">
    <p class='ocr_par' dir='ltr' id='par_1_14' title="bbox 4041 2519 4044 3109">
     <span class='ocr_line' id='line_1_35' title="bbox 4041 2519 4044 3109; baseline 0 0"><span class='ocrx_word' id='word_1_296' title='bbox 4041 2519 4044 3109; x_wconf 95' lang='lat' dir='ltr'><strong> </strong></span> 
     </span>
    </p>
   </div>
   <div class='ocr_carea' id='block_1_15' title="bbox 4039 3273 4043 3835">
    <p class='ocr_par' dir='ltr' id='par_1_15' title="bbox 4039 3273 4043 3835">
     <span class='ocr_line' id='line_1_36' title="bbox 4039 3273 4043 3835; baseline 0 0"><span class='ocrx_word' id='word_1_297' title='bbox 4039 3273 4043 3835; x_wconf 95' lang='lat' dir='ltr'><strong> </strong></span> 
     </span>
    </p>
   </div>
  </div>
 </body>
</html>
