4057 5790
1572 578 2140 648 -139—

539 819 780 898 Ιππίας
833 819 929 891 ἔτι
969 814 1362 916 Ἀθηναίων
1408 819 1518 889 καὶ
1553 815 1838 894 παυθεὶς
1888 818 1958 888 ἐν
2003 818 2105 916 τῷ
2152 818 2447 915 τετάρτῳ
2486 817 2614 888 ὑπὸ
2653 813 3194 912 Λακεδαιμονίων

511 961 622 1032 καὶ
649 953 1198 1052 Ἀλκμαιωνιδῶν
1255 965 1386 1027 τῶν
1433 958 1811 1053 φευγόντων
1864 956 2111 1053 ἐχώρει
2162 954 2575 1030 ὑπόσπονδος
2622 953 2690 1031 ἔς
2736 980 2809 1026 τε
2824 953 3095 1050 Σίγειον
3126 1009 3143 1025 .
3176 1009 3193 1025 .

515 1095 672 1169 ὅθεν
721 1097 834 1169 καὶ
891 1097 1279 1193 ὁρμώμενος
1331 1094 1404 1171 ἐς
1457 1088 1872 1192 Μαραθῶνα
1924 1093 2193 1191 ὕστερον
2274 1091 2369 1164 ἔτ
2399 1117 2481 1163 ει
2553 1117 2587 1162 ε
2619 1093 2764 1163 ἰκο
2794 1093 2989 1189 στιξῖ
3055 1089 3192 1188 ἤδη

512 1237 728 1334 γέρων
811 1237 904 1306 ὢν
981 1231 1179 1328 μετὰὶ
1203 1225 1462 1330 Μήδων
1543 1232 1992 1330 ἐστράτευσεν.
2130 1231 2319 1304 Hinc
2372 1231 2710 1325 Hippiam
2796 1253 2986 1304 anno
3046 1231 3194 1302 510

517 1375 819 1447 Athenis
895 1373 1264 1464 expulsum
1345 1393 1503 1444 esse
1561 1373 1859 1462 cogitur.
1968 1371 2113 1462 Qui
2184 1371 2531 1442 terminus
2610 1370 2727 1440 vel
2780 1391 2864 1441 eo
2918 1387 3195 1442 accura-

513 1514 656 1586 tius
695 1511 1318 1602 circumscribitur,
1374 1511 1564 1600 quod
1617 1508 2079 1601 Hipparchus
2136 1505 2555 1581 interfectus
2612 1515 2723 1580 est
2758 1507 3191 1582 Panathe-

515 1649 790 1743 naeis,
847 1670 1024 1739 quae
1079 1650 1296 1722 tertio
1352 1669 1628 1738 quoque
1665 1647 2086 1739 olympiadis
2126 1667 2315 1718 anno
2353 1646 2925 1720 celebrabantur.
2984 1646 3188 1720 Mors

511 1789 666 1860 eius
710 1789 934 1879 igitur
985 1788 1191 1859 initio
1251 1788 1420 1858 anni
1491 1785 1938 1879 olympiadici
1993 1781 2170 1876 66,3
2222 1817 2325 1844 =
2376 1787 2524 1857 514
2574 1785 3043 1874 adsignanda.
3102 1785 3190 1860 cf.

516 1925 894 2020 [Platonis]
943 1924 1334 2020 Hipparch.
1389 1946 1458 2016 p.
1515 1925 1690 1997 229.
1801 1915 1913 1996 Ex
1976 1923 2246 1999 scholio
2327 1925 2400 1995 in
2460 1920 2595 1995 Ar.
2648 1921 2824 2015 Lys.
2886 1923 3036 1996 619
3092 1925 3192 1996 ni·

511 2063 615 2138 hil
707 2063 876 2135 licet
973 2062 1316 2137 concludi.
1467 2059 2002 2135 Herodotus
2092 2057 2215 2157 (V,
2286 2063 2421 2153 55)
2515 2061 2841 2153 Hippiam
2932 2063 3188 2137 abhinc

504 2177 603 2272 ἐπ”
615 2198 776 2272 ἔτεα
823 2201 1120 2297 τέσσερα·
1169 2222 1505 2291 regnasse
1561 2199 1872 2292 exhibet,
1929 2201 2119 2290 quod
2162 2205 2442 2291 tempus
2490 2201 2894 2274 accuratius
2954 2201 3185 2274 deter-

513 2339 809 2412 minavit
860 2339 1503 2432 Thucydides,
1553 2339 1675 2427 qui
1729 2358 1887 2410 eum
1950 2338 2271 2427 integros
2342 2357 2565 2409 annos
2616 2344 2765 2410 tres
2814 2359 3179 2432 regnasse,

512 2482 764 2566 quarto
819 2497 986 2549 vero
1039 2476 1406 2569 expulsum
1471 2496 1628 2548 esse
1691 2480 2023 2547 testatur.
2132 2471 2517 2547 Redundat
2570 2495 2656 2546 ex
2708 2475 2839 2550 hac
2898 2497 3179 2569 compu-

513 2615 809 2705 tatione,
885 2593 1497 2686 Pisistratidarum
1581 2613 2022 2687 exactionem
2080 2612 2169 2684 ad
2220 2619 2591 2684 exeuntem
2652 2613 2747 2692 ol.
2796 2611 2921 2707 67,
2968 2616 3018 2686 2
3070 2617 3187 2688 vel

511 2753 601 2824 ad
651 2752 964 2844 priorem
1019 2757 1300 2843 partem
1357 2752 1524 2823 anni
1578 2751 1728 2822 510
1779 2749 2214 2824 reiciendam
2265 2771 2454 2824 esse.
2502 2744 2564 2844 ¹.)

705 2888 1016 2963 Duravit
1067 2897 1303 2963 autem
1359 2889 1904 2964 Aristotele
1961 2893 2147 2962 teste
2202 2895 2531 2963 cunctum
2581 2887 2956 2964 Pisistrati
3014 2892 3191 2967 filio-

503 3049 798 3117 rumque
852 3027 1224 3119 imperium
1281 3032 1370 3100 51
1425 3049 1670 3113 annos,
1727 3028 1956 3100 solum
2012 3027 2347 3099 filiorum·
2382 3028 2501 3101 18.
2610 3027 2799 3101 Hinc
2844 3028 3188 3102 Pisistra-

499 3172 650 3238 tum
705 3167 846 3238 561
895 3167 1197 3260 primum
1254 3187 1494 3238 rerum
1568 3166 1871 3257 potitum
1952 3187 2137 3255 esse,
2215 3166 2361 3237 528
2411 3187 2582 3239 vero
2638 3166 3046 3241 occubuisse
3100 3167 3183 3241 li-

504 3304 722 3393 quido
777 3300 1188 3398 adparet.²)
1280 3304 1554 3396 Quibus
1608 3306 1932 3377 terminis
1989 3305 2317 3377 standum
2369 3312 2501 3377 est.

714 3508 777 3587 1)
825 3508 915 3569 Μ.
963 3507 1038 3570 Ρ.
1089 3526 1191 3589 ep.
1242 3510 1358 3571 45.
1406 3506 1535 3587 Ἀφ’
1580 3504 1703 3571 οἷνι
1717 3507 2018 3591 Αρμόδιος
2082 3512 2186 3570 καὶ
2234 3504 2744 3591 ΓΑριστογε]ι’των
2804 3506 3189 3591 &uindemi-

485 3592 862 3675 “Immezov
891 3591 1342 3674 Πεισιστράτου
1366 3592 1682 3675 Ἀ[θηνῶν
1725 3592 2031 3677 τῦρανν]ον
2062 3600 2166 3657 καὶ
2190 3592 2509 3672 Ἀθηναῖοι
2560 3592 3007 3701 [ἐξανέστ]ησαν
3052 3600 3188 3670 τοὺς

503 3680 1024 3761 Πεισιστρατίδας
1067 3678 1266 3761 &adrev
1323 3678 1790 3763 Πε]λασ[γικ]οὕ
1852 3684 2083 3761 τείχους
2146 3678 2247 3759 ἐτη
2304 3681 2841 3757 ΗΗΔΔΔΔΠΗΙ,
2901 3676 3187 3762 ἄρχοντος

492 3762 802 3843 Ἀθήνησι
851 3784 906 3828 ι.
981 3766 1248 3847 Epocha
1307 3762 1724 3830 conficienda
1751 3786 1835 3830 ex
1863 3774 2177 3848 computo
2217 3766 2291 3847 B,
2318 3767 2413 3828 ita
2438 3774 2510 3827 ut
2542 3764 2631 3827 ol.
2662 3765 2771 3848 67,
2810 3768 2961 3826 2==
2985 3764 3187 3843 511s0

503 3850 860 3915 redundet.
953 3852 1350 3915 Flachius
1397 3854 1570 3915 hanc
1615 3871 1758 3917 rem
1801 3851 2083 3927 leviore,
2104 3870 2333 3953 quam
2369 3870 2489 3931 par
2520 3852 2665 3931 fuit,
2712 3854 2849 3935 egit
2882 3853 3172 3915 brachio,

710 3936 782 4015 2)
830 3938 1052 4001 Minus
1097 3944 1448 4001 accuratus
1499 3938 1956 4017 Busoltius,
2005 3934 2123 4019 qui
2170 3936 2309 4017 (Gr.
2359 3936 2441 4001 G.
2480 3938 2504 4000 1
2552 3958 2614 4019 p.
2660 3940 2809 4003 551.
2862 3935 3013 4020 552)
3062 3938 3183 4002 hos

504 4021 620 4085 dat
689 4024 1034 4087 terminos:
1106 4024 1472 4086 560-527.
1565 4024 1955 4106 Unger-us
2021 4024 2322 4104 eosdem,
2404 4030 2605 4107 atque
2648 4042 2775 4105 ego
2820 4024 3177 4106 amplexus

504 4115 608 4171 est
679 4128 916 4173 annos.
1017 4113 1332 4173 Attamen
1407 4111 1552 4174 eius
1627 4114 1924 4175 rationes
2015 4128 2443 4193 nequaquam
2523 4127 2795 4191 possum
2871 4111 3179 4193 probare.

504 4190 701 4275 Quod
765 4194 1385 4260 Eratosthenes
1445 4198 1732 4261 rotundo
1811 4214 2095 4261 numero
2168 4199 2253 4259 50
2320 4214 2531 4259 annos
2600 4198 2983 4260 numeravit
3048 4194 3183 4279 (τοῦ

503 4279 787 4363 ἆκριβοῦς
829 4279 1284 4364 διαμαρτάνων)
1361 4285 1636 4348 omnino
1713 4283 1879 4346 nihil
1955 4281 2133 4346 valet
2200 4285 2267 4345 in
2336 4281 2566 4345 subtili
2614 4282 2740 4346 hac
2784 4284 3184 4366 quaestione

503 4373 770 4449 praeter
815 4368 1386 4431 restrictissimum
1431 4368 1926 4433 Aristotelis
1974 4370 2454 4431 testimonium.
2518 4368 2691 4431 Hinc
2735 4368 2914 4469 quod
2964 4366 3179 4430 voluit

503 4453 768 4517 efficere
813 4470 941 4515 nec
985 4453 1218 4519 debuit
1262 4472 1390 4517 nec
1433 4457 1646 4537 potuit
1695 4454 2099 4536 Ungerus.
2168 4454 2409 4537 Neque
2450 4456 2661 4533 magis
2704 4457 2828 4535 eis,
2891 4472 3067 4537 quae
3110 4455 3176 4515 in

504 4538 738 4602 tabula
781 4539 1330 4603 Henzeniana
1374 4541 1494 4619 (Μ.
1527 4540 1656 4604 Rh.
1691 4540 1879 4623 IXp.
1906 4540 2053 4601 177.
2103 4540 2359 4603 Iahn-
2378 4539 2849 4618 Michaelis,
2902 4541 3169 4603 Griech.

503 4624 960 4690 Bilde'rchron.
1009 4646 1074 4707 p.
1127 4626 1209 4687 '79
1253 4624 1389 4710 sq)
1441 4628 1689 4709 scripta
1733 4634 1915 4690 sunt:
1985 4624 2086 4708 ἀφ’
2134 4622 2205 4689 οὗ
2250 4628 2694 4708 Πεισίστρατος
2737 4620 3180 4711 ἕτυρὰνιιευ[σεν

499 4709 562 4773 ἐν
598 4706 914 4796 ’ΔθηἹναις
953 4718 1056 4774 καὶ
1099 4712 1387 4787 Αἴσωπος
1428 4712 1492 4776 ἐν
1529 4718 1788 4795 Δελφοῖς
1819 4710 2365 4793 κατεκρημνίσθη’
2341 4710 2442 4790 ε’τη
2486 4715 2620 4793 φοθ
2656 4712 2749 4791 (id
2782 4711 2959 4794 quod
2998 4712 3177 4775 haud

501 4794 776 4876 illepide
819 4798 1130 4879 Ungerus
1179 4806 1394 4861 mutat
1436 4800 1503 4860 in
1551 4796 1694 4881 φοε)
1757 4800 1840 4861 ad
1888 4800 2108 4881 ipsum
2157 4800 2334 4860 bunc
2383 4799 2741 4861 terminum
2792 4799 3175 4861 accuratius

503 4882 1187 4947 circumscribendum
1235 4886 1330 4947 uti
1375 4884 1554 4965 licet,
1607 4904 1756 4949 cum
1805 4886 1985 4949 unde
2033 4884 2329 4947 chronici
2371 4882 2553 4945 illius
2599 4886 2759 4947 anni
2806 4886 3179 4967 computati

501 4968 660 5049 sint,
711 4974 890 5033 certo
936 4969 1196 5035 definiri
1241 4978 1555 5054 nequeat.
1667 4972 1926 5035 Accivit
1978 4976 2325 5053 praeterea
2380 4968 2694 5051 Ungerus
2750 4970 3173 5035 Herodoti
