4057 5790
1555 529 2111 598 -107—

511 788 754 842 omnes
806 768 1245 842 constitisse:
1305 770 1456 842 eius
1503 787 1705 844 caus
1729 791 1820 842 ae
1877 775 2113 844 autem
2166 774 2455 865 postero
2508 777 2827 860 tempore
2866 790 2909 840 a
2963 768 3179 860 scrip-

505 905 782 978 toribus
837 903 1474 980 confundebantur.

711 1041 954 1134 Atque
1008 1049 1090 1117 ut
1136 1046 1273 1118 iam
1330 1046 1645 1121 breviter
1699 1047 2311 1137 comprehendam,
2364 1047 2541 1122 haec
2589 1046 2736 1121 fere
2777 1052 2945 1120 sunt
2996 1065 3177 1135 quae
3282 1065 3289 1072 ·

506 1182 594 1255 de
687 1182 878 1256 bello
975 1183 1166 1257 inter
1263 1183 1745 1258 Athenienses
1848 1191 1923 1258 et
1991 1185 2493 1279 Mytilenaeos
2584 1193 2785 1276 gesto
2876 1185 3175 1258 clariore

504 1319 846 1395 historiae
941 1323 1097 1396 luce
1177 1323 1351 1396 mihi
1431 1326 1815 1397 videantur
1894 1324 2324 1399 collustrari.
2474 1320 2683 1396 Circa
2760 1323 3042 1414 septimi
3110 1327 3183 1392 et
3302 1373 3307 1384 .

511 1460 692 1532 sexti
747 1461 1013 1535 saeculi
1069 1461 1372 1536 confinia
1417 1461 1913 1555 Phrynone
1968 1461 2140 1534 duce
2170 1458 2722 1534 Atheniensium
2778 1459 3053 1532 colonia
3102 1458 3176 1529 in

507 1597 933 1670 Troadem
989 1599 1394 1692 deducitur,
1451 1619 1656 1690 quam
1707 1621 1794 1672 eo
1848 1605 2167 1689 tempore
2226 1596 2469 1671 Aeolii
2524 1596 2771 1670 Lesbii
2828 1596 3175 1670 obtinent.

510 1733 654 1805 Iuri
710 1755 1200 1824 possessorum
1269 1738 1746 1828 legitimorum
1801 1738 2285 1811 Athenienses
2351 1738 2703 1829 variarum
2774 1734 3173 1809 fabularum

509 1872 828 1944 rationes
881 1885 1272 1967 opponunt,
1329 1896 1626 1965 quarum
1682 1874 1912 1947 frusta
1963 1877 2365 1949 etiamnunc
2417 1876 2580 1948 hinc
2629 1875 2827 1948 illinc
2893 1873 3179 1946 investi-

508 2009 661 2100 gari
714 2017 1036 2105 possunt.
1146 2009 1516 2105 Contingit
1569 2012 2165 2107 Atheniensibus,
2238 2019 2319 2086 ut
2370 2011 2641 2104 Sigeo
2712 2014 2975 2106 oppido
3030 2034 3179 2084 mu·

509 2148 660 2220 nito
734 2150 1124 2244 potiantur,
1200 2152 1388 2224 unde
1439 2151 1917 2245 Mytilenaeos
1998 2152 2265 2225 crebris
2348 2159 2609 2224 vexant
2664 2150 3175 2224 invasionibus.

507 2281 960 2380 Mytilenaei,
1035 2293 1114 2361 ut
1166 2289 1410 2362 hostes
1465 2297 1754 2363 arceant
1806 2291 1919 2363 his
1975 2292 2279 2378 demum,
2346 2297 2429 2364 ut
2480 2291 2785 2386 videtur,
2841 2290 3174 2382 tempori·

508 2420 641 2495 bus
700 2421 1222 2498 Achilleum
1297 2429 1668 2502 castellum
1751 2436 2115 2503 extruunt.
2236 2426 2577 2501 Certatur
2623 2436 2771 2502 tum
2829 2428 3003 2501 satis
3055 2428 3176 2500 diu

509 2567 582 2632 et
635 2564 898 2636 acriter
953 2565 1328 2654 utrimque.
1439 2565 1757 2658 Quarum
1812 2587 2214 2658 pugnarum
2266 2567 2470 2639 unica
2496 2567 2835 2643 memoria
2865 2563 3177 2640 Alcaei

510 2700 816 2773 carmine
879 2708 1162 2775 ser-vata
1216 2710 1364 2796 est,
1428 2705 1550 2794 qui
1600 2725 1808 2809 quam
1854 2704 2050 2776 bello
2104 2704 2379 2795 accepit
2433 2704 2904 2778 calamitatem
2960 2703 3177 2775 versi-

508 2837 640 2911 bus
692 2839 1079 2913 mandavit.
1190 2838 1396 2915 Sitne
1446 2813 1766 2916 Pittacus
1811 2843 1885 2915 in
1937 2842 2050 2915 his
2098 2843 2357 2934 pugnis
2416 2860 2569 2917 cum
2623 2841 3168 2915 Atheniensium

505 2976 676 3049 duce
731 2979 1114 3051 certamine
1165 2980 1515 3070 singulari
1567 2998 2013 3073 congressuS‚
2094 2982 2166 3053 in
2249 2982 2483 3053 medio
2570 2980 2919 3070 relinquo.
3028 2980 3169 3051 Iam

503 3135 672 3187 vero
755 3121 914 3188 cum'
991 3118 1266 3190 neutri·
1310 3120 1584 3190 neutris
1665 3119 2004 3193 cederent
2056 3120 2527 3211 possessione,
2598 3120 2843 3192 finium
2900 3123 3175 3191 contro-

501 3251 738 3325 versia
791 3254 1087 3328 arbitrio
1135 3255 1488 3348 dirempta
1537 3263 1670 3330 est.
1775 3254 2266 3330 Periander
2337 3256 2790 3343 CorinthiuS,
2880 3255 3170 3351 Cypseli

504 3388 715 3480 filius,
801 3392 1055 3465 arbitri
1133 3404 1375 3485 partes
1457 3395 1846 3487 suscipiens
1900 3402 2241 3485 utrosque
2296 3395 2395 3488 id,
2478 3394 2666 3485 quod
2719 3400 2886 3466 tunc
2938 3394 3171 3486 ipsum

507 3533 862 3620 tenerent,
918 3550 1204 3603 servare
1262 3532 1599 3621 decrevit.
1712 3529 2116 3622 Accipimus
2186 3530 2544 3623 Sigeum
2603 3532 2706 3605 ita
2762 3534 2834 3604 in
2894 3530 3173 3604 Athe·

506 3668 957 3739 niensium
1011 3670 1528 3759 possessionem
1585 3670 1888 3742 venisse.
1981 3668 2465 3741 Achilleum
2508 3670 2964 3742 retinuerunt
2998 3668 3175 3763 MyP

505 3804 911 3881 tilenaei.
1023 3803 1352 3879 Certiora
1408 3806 1494 3878 de
1547 3804 2644 3880 Periandriarbitrio—velut
2685 3814 3039 3897 quatenus
3086 3809 3172 3879 ad

506 3941 954 4017 Tenedum
1009 3945 1314 4017 insulam
1370 3944 1803 4037 pertinuerit
1857 3982 1955 3997 —-
2008 3946 2383 4019 nescimus.

713 4081 1261 4155 Atheniensium
1319 4084 1692 4174 imperium
1747 4104 1886 4174 quo
1922 4090 2243 4176 tempore
2286 4085 2398 4156 his
2436 4084 2846 4175 regionibus
2880 4084 3173 4157 exstinc-

505 4223 657 4290 tum
705 4221 801 4292 sit
851 4243 990 4293 non
1048 4222 1387 4294 traditum
1442 4228 1574 4295 est.
1710 4219 1852 4295 Sed
1933 4241 2085 4296 cum
2159 4224 2392 4296 medio
2442 4221 2593 4295 fere
2640 4221 2920 4295 saeculo
2974 4230 3171 4293 sexto

507 4378 735 4447 paene
787 4364 1011 4431 totam
1065 4360 1274 4431 istam
1327 4380 1518 4431 oram
1556 4359 1980 4431 maritimam
2009 4360 2391 4432 Persarum
2430 4360 2671 4451 copiae
2710 4359 3174 4451 inundarent,

505 4503 652 4569 tum
710 4499 921 4571 etiam
961 4497 1514 4572 Atheniensium
1569 4498 2035 4571 dominationi
2083 4497 2295 4570 finem
2351 4496 2751 4589 impositum
2807 4519 2961 4571 esse
3001 4498 3175 4570 satis

491 4616 887 4709 'verisimile
971 4642 1104 4713 est.
1240 4640 1486 4726 Itaque
1570 4638 1900 4727 quoniam
1970 4637 2376 4710 litterarum
2441 4637 2914 4709 monumentis
2962 4636 3173 4728 plano

505 4774 828 4847 destituti
907 4796 1172 4873 sumus,
1255 4776 1465 4867 plura
1543 4774 1656 4847 his
1736 4775 1823 4847 de
1905 4778 2133 4851 causis
2195 4773 2519 4868 proferre
2573 4793 2701 4846 nec
2751 4774 3015 4846 licitum
3066 4780 3176 4847 est

508 4937 735 5008 neque
791 4915 922 4989 hoc
975 4917 1130 4991 loco
1183 4915 1387 5005 libet7
1444 4934 1598 4988 cum
1651 4914 1972 4987 homines
2030 4914 2490 5006 recentiore8‚
2547 4933 2734 5003 quae
2792 4912 2917 4985 alii
2964 4912 3171 4985 aliter
