4057 5790
1755 549 1850 622 77
1966 593 2064 601 —·

493 804 692 908 biv).
723 808 1296 904 Suppeditabant
1323 805 1719 898 Thucydidi
1747 806 1900 879 sine
1933 805 2151 878 dubi-o
2181 802 2489 890 fabulae,
2520 798 2820 874 Homeri
2846 797 3178 889 tempori-

431 922 436 930 ⁵
495 949 628 1022 bus
655 949 1116 1034 recentiores,
1137 968 1222 1019 ex
1250 947 1506 1036 quibus
1523 946 1994 1037 expeditionis
2024 944 2220 1015 illius
2251 941 2722 1032 cognitionem
2752 936 3175 1032 perceperit.

498 1086 697 1164 Haec
750 1086 900 1162 fere
956 1086 1323 1159 adicienda
1373 1085 1542 1158 duxi
1595 1083 1725 1176 eiS,
1777 1103 1961 1173 quae
2017 1101 2236 1173 supra
2287 1078 2375 1150 de
2435 1077 2853 1153 Acamantis
2904 1080 2978 1148 et
3032 1074 3176 1146 De·

496 1225 899 1317 mophontis
951 1241 1103 1296 cum
1155 1223 1434 1296 Troade
1488 1220 1888 1293 rationibus
1937 1219 2256 1311 exposita
2310 1223 2498 1290 sunt.
2610 1219 2935 1307 Apparet
2986 1213 3175 1306 hinc,

495 1361 806 1460 ἐξαίρετα
849 1363 976 1434 illa
1029 1359 1256 1459 δῶρα,
1343 1382 1521 1451 quae
1574 1358 1866 1432 Athena
1917 1351 2199 1456 Θησέως
2250 1357 2460 1432 τόκοις
2513 1355 2871 1448 impertiri
2923 1353 3174 1444 voluit,

499 1523 640 1576 non
696 1501 1126 1594 pertinuisse
1182 1499 1270 1572 ad
1327 1500 1550 1572 solam
1601 1504 1864 1571 terram
1911 1481 2328 1571 Troianam.

706 1639 1147 1732 Quamquam
1209 1637 1715 1728 relinquuntur
1783 1638 1972 1724 haud
2043 1655 2264 1730 pauca
2328 1637 2401 1706 in
2472 1633 2734 1706 fabulis
2814 1630 3170 1723 Troianis,

495 1780 670 1852 satis
715 1776 1356 1852 commemorabilia
1407 1775 1782 1864 eaquidem
1837 1783 1910 1848 et
1963 1796 2143 1865 quae
2196 1774 2313 1865 iis,
2392 1793 2571 1861 quae
2626 1769 2831 1842 nobis
2888 1774 3173 1858 servata

501 1923 692 2011 sunt,
742 1917 1145 1990 litterarum
1201 1914 1671 1988 monumentis
1727 1915 1844 1988 vix
1896 1919 2197 2006 possunt
2242 1911 2619 2012 illustrari.
2731 1905 2903 1982 Sine
2957 1906 3171 1980 dubio

500 2057 756 2127 mirum
831 2062 966 2147 est,
1047 2055 1108 2126 si
1157 2053 1231 2125 in
1281 2053 1454 2147 ipsis
1507 2053 1956 2126 veteribus
2013 2053 2439 2125 carminibus
2494 2049 2797 2122 heroicis
2846 2047 3047 2119 varia
3099 2052 3173 2118 et

497 2295 749 2358 factum
798 2299 934 2374 est,
986 2299 1058 2357 ut
1103 2295 1463 2358 temeraria
1509 2298 1575 2357 et
1618 2312 1796 2376 quae
1841 2293 2031 2358 nullo
2075 2291 2347 2357 fulcitur
2392 2291 2789 2370 argumento
2832 2283 3169 2369 Popponis

500 2378 649 2458 (111.
733 2380 794 2459 1,
867 2401 929 2463 p.
1001 2379 1160 2457 123)
1233 2381 1620 2445 coniectura
1685 2381 1751 2442 in
1825 2384 2213 2445 contextum
2271 2375 2628 2458 irrepserit.
2737 2371 3169 2454 Quamquam

499 2465 872 2530 Schoenius
919 2466 1302 2548 nonnullas,
1353 2485 1520 2550 quas
1566 2467 1633 2530 in
1683 2467 2131 2532 Laurentiano
2176 2463 2454 2538 invenit,
2530 2460 2995 2524 adnotationes
3032 2457 3168 2522 edi·

500 2553 661 2617 tioni
707 2571 874 2616 suae
921 2553 1188 2635 adiecit,
1243 2553 1357 2618 sed
1408 2572 1542 2637 qua
1588 2559 1693 2617 est
1737 2554 1952 2617 codex
1999 2554 2113 2617 ille
2158 2550 2567 2616 scholiorum
2612 2547 2912 2629 penuria,
2967 2545 3167 2609 etiam

498 2639 667 2704 haec
705 2637 790 2703 de
837 2637 1127 2703 Thracia
1175 2641 1563 2704 Acamantis
1609 2640 2044 2723 expeditione
2088 2641 2153 2703 in
2206 2656 2285 2702 eo
2336 2631 2740 2708 desiderari,
2804 2629 2947 2714 ipse
3006 2631 3170 2694 mihi

499 2727 902 2790 monstravit
945 2727 1340 2790 Schoenius.
1437 2724 1769 2808 Sauppii
1815 2727 2090 2810 quidem
2138 2722 2598 2790 emendationi
2642 2718 2908 2803 (Philol.
2978 2715 3165 2781 XIX.

496 2832 559 2894 p.
603 2811 754 2892 147)
800 2811 927 2875 κατ’
953 2810 1320 2895 Ἀντίμαχον
1365 2819 1439 2876 ut
1483 2813 1933 2891 subscribam,
1983 2817 2345 2897 impetrare
2405 2828 2444 2872 a
2500 2825 2611 2871 me
2666 2824 2799 2869 non
2870 2822 3167 2887 possum,

497 2901 806 2982 quamvis
829 2901 1352 2983 subscriptorem
1380 2900 1494 2963 ille
1517 2901 1850 2965 invenerit
1879 2899 1980 2979 0⁶1
1999 2920 2041 2986 a
2057 2921 2086 2964 s
2104 2921 2135 2965 s
2154 2918 2191 2964 e
2211 2902 2287 2963 ni
2310 2918 2347 2961 u
2370 2916 2456 2959 m.
2492 2890 2668 2958 Nam
2693 2890 3169 2956 Antimachum

497 2986 741 3050 fabulis
808 2987 1042 3050 Atticis
1097 2986 1372 3051 aliunde
1431 2988 1736 3068 ignotum
1791 3005 1942 3052 esse
2013 2989 2137 3052 etsi
2207 2985 2690 3061 concesserim,
2767 2986 2988 3043 tamen
3062 2997 3164 3060 ea,

497 3090 673 3155 quae
721 3072 1054 3156 Sauppius
1111 3072 1196 3136 ad
1242 3074 1696 3137 coniecturam
1766 3093 1955 3138 suam
2005 3070 2622 3140 commendandam
2668 3065 2929 3147 attulit,
2982 3065 3167 3129 debi-

498 3158 877 3223 lioramihi
924 3160 1234 3222 videntur
1287 3180 1467 3240 esse„
1542 3180 1748 3243 quam
1807 3168 1878 3224 ut
1921 3164 1991 3224 in
2040 3161 2345 3225 codicum
2404 3156 2735 3238 scriptura
2803 3151 3169 3234 quidquam

495 3240 955 3311 immutemus.
993 3244 1232 3333 Neque
1256 3249 1533 3328 arridet,
1557 3248 1738 3331 quod
1756 3246 2092 3331 Sauppius
2118 3248 2203 3311 de
2225 3243 2521 3327 Phylli
2544 3242 2582 3303 d
2605 3242 2669 3302 is
2702 3256 2933 3302 amore
2966 3237 3171 3301 fabel-

493 3330 632 3395 lam
683 3334 837 3395 huic
883 3332 1252 3396 narrationi
1299 3334 1699 3411 immiscuit,
1751 3352 1907 3397 cum
1954 3332 2188 3398 fabula
2226 3334 2357 3397 ista
2404 3329 2683 3393 minime
2743 3326 2828 3389 ad
2888 3322 3172 3388 Cherso-

497 3435 734 3481 nesum
780 3418 1160 3499 Thraciam,
1209 3420 1327 3483 sed
1373 3436 1506 3483 non
1543 3422 1670 3485 nisi
1713 3422 1796 3483 ad
1843 3423 2059 3504 ipsam
2117 3428 2364 3483 terram
2400 3412 2778 3497 Phyllidem
2812 3412 3165 3495 pertineat.

492 3504 690 3581 (Her.
742 3504 881 3569 vn.
945 3506 1094 3569 113.
1147 3507 1368 3589 Steph.
1427 3508 1592 3587 Byz.
1643 3526 1695 3569 s.
1753 3526 1814 3569 v.
1880 3507 2159 3583 Φυλλίς).
2224 3505 2364 3569 Iam
2414 3521 2573 3567 vero
2620 3502 2687 3562 iu
2735 3491 3171 3563 rebus'tanta

493 3592 903 3655 obscuritate
944 3592 1200 3659 obrutis
1247 3611 1287 3656 a
1327 3592 1633 3657 codicum
1680 3594 2008 3675 scriptura
2050 3600 2229 3657 stare
2270 3591 2719 3655 rectissimum
2768 3591 2895 3648 est.
2974 3584 3169 3667 Apud

498 3674 764 3757 Quint.
815 3680 967 3741 Sm.
1016 3678 1171 3759 XII,
1221 3680 1348 3741 323
1393 3681 1569 3743 inter
1618 3680 2031 3743 Graecorum
2078 3681 2308 3758 duces,
2385 3678 2498 3759 qui
2547 3692 2795 3756 equum
2866 3671 3167 3751 ligneum
3274 3758 3280 3766 .

494 3764 915 3846 intraverint,
953 3771 1220 3847 praeter
1243 3770 1687 3830 Acamantem
1711 3771 1776 3829 et
1802 3766 2341 3848 Demophontem
2371 3765 2575 3827 etiam
2602 3764 2713 3823 An
2736 3760 2933 3821 tima
2958 3776 2994 3821 c
3014 3758 3051 3820 h
3076 3778 3115 3819 u
3136 3776 3167 3821 s

499 3851 768 3931 quidam
819 3860 1277 3916 enumeratur.
1368 3853 1544 3916 Fieri
1592 3858 1841 3936 potest,
1903 3859 1976 3915 ut
2020 3850 2254 3935 Quinti
2300 3852 2469 3915 haec
2515 3845 2841 3911 memoria
2889 3844 2975 3907 ad
3023 3860 3168 3907 eas-

489 3938 641 4001 dem
688 3938 952 4003 fabulas
1001 3940 1368 4003 veteriores
1433 3932 1698 4016 redeat,
1771 3940 1855 4003 ad
1903 3956 2072 4021 quas
2118 3938 2480 4002 scholiasta
2527 3942 2921 4019 provocavit
2986 3940 3166 4004 Thu·

494 4024 838 4105 cydideus.
933 4023 1238 4102 Certior-‚a
1285 4025 1558 4108 quidem
1609 4027 1734 4089 hae
1782 4025 1867 4088 de
1911 4043 1986 4088 re
2034 4043 2167 4089 non
2214 4026 2717 4089 affirmaverim.

692 4108 754 4193 1)
801 4108 1238 4176 consimilem
1291 4130 1632 4177 rumorem
1682 4112 1766 4174 de
1813 4112 2225 4176 Diomede
2272 4112 3017 4177 conservavitEustatb.
3080 4112 3169 4182 ad

475 4192 588 4257 ²12.
640 4198 719 4275 E,
771 4198 850 4260 ΛΞ
905 4200 994 4261 Τὰ
1037 4202 1153 4281 γὰρ
1196 4202 1316 4281 πρὸ
1359 4198 1586 4263 τοὺτων
1641 4198 2022 4261 ἐπεσκοτεΐτο
2070 4196 2432 4280 (Διομήδης)
2480 4196 2609 4260 οἷον
2650 4196 2764 4265 ὕπὸ
2807 4203 2911 4279 τῆς
2956 4198 3164 4282 'Agal-

482 4284 630 4356 λέως
698 4282 908 4369 ἀρετῆς
955 4280 988 4363 ’ἦ
1032 4292 1136 4348 καὶ
1190 4283 1346 4349 διότι
1398 4286 1461 4348 ἐν
1516 4288 1602 4374 τῷ
1646 4283 1960 4369 φθάσαντι
2007 4284 2207 4374 χρόνῳ
2267 4288 2371 4365 τὴν
2423 4283 2670 4371 Θρᾴκην
2714 4285 3015 4369 ἐγεώργει,
3084 4283 3167 4359 ὥς

481 4390 642 4443 τινες
684 4364 1042 4455 ἱστοροῦσιν.
1113 4371 1260 4436 Hoc
1304 4375 1530 4435 tamen
1579 4376 1810 4435 notatu
1859 4370 2171 4451 dignum,
2236 4373 2305 4434 in
2350 4370 2565 4435 Iliade
2608 4371 3164 4437 Acamantem

483 4454 816 4519 Thracum
840 4456 1093 4521 ducem
1124 4476 1272 4522 esse
1297 4460 1406 4539 (B,
1426 4458 1572 4521 844.
1605 4457 1686 4539 Ε,
1716 4458 1863 4521 462.
1892 4458 1965 4537 Ζ,
1986 4456 2084 4536 8).
2118 4458 2851 4523 AcamasAtheniensis
2870 4460 3165 4523 Homero

482 4541 750 4621 ignotus
797 4550 916 4607 est.
1009 4544 1314 4609 Occurrit
1361 4552 1586 4608 autem
1635 4545 1829 4608 nobis
1875 4546 1943 4607 in
1981 4540 2531 4609 Chersoneso
2577 4545 2867 4610 Thracia
2896 4544 3167 4611 utAca·

482 4629 726 4691 mantis
759 4628 852 4692 ita
881 4630 1085 4693 etiam
1122 4631 1740 4714 Demophontis
1787 4630 2322 4714 (Demiphontis)
2355 4650 2627 4713 nomen,
2666 4652 2868 4715 quem
2898 4634 2965 4695 in
3002 4632 3167 4696 urbe

482 4710 774 4778 Elaeusa
833 4714 1174 4799 (Ἐλαιοῦς)
1231 4734 1509 4802 regnum
1583 4718 1957 4782 obtinuisse
2017 4720 2203 4781 testis
2284 4725 2387 4782 est
2458 4716 2511 4781 P
2544 4720 2580 4781 b
2608 4738 2654 4800 y
2689 4722 2709 4782 Ι
2740 4737 2781 4783 a
2812 4738 2845 4782 r
2880 4737 2917 4781 c
2952 4723 2990 4781 h
3016 4738 3060 4781 n
3088 4736 3159 4782 s:

486 4798 556 4863 F.
587 4800 667 4864 H.
723 4800 800 4864 G.
849 4802 901 4884 1,
953 4803 1101 4867 358.
1130 4838 1215 4851 —-
1240 4802 1604 4885 Rationes,
1654 4820 1828 4888 quae
1853 4805 2214 4869 Acamanti
2261 4824 2415 4869 cum
2449 4800 2678 4888 Cypro
2708 4805 2933 4869 insula
2962 4806 3162 4869 inter·

489 4892 856 4970 cesserunt,
911 4892 1222 4973 quamvis
1271 4910 1389 4974 per
1433 4910 1508 4956 se
1546 4894 1712 4958 satis
1741 4892 1875 4955 sint
1905 4891 2558 4974 commemorabiles,
2612 4898 2836 4957 tamen
2872 4891 2955 4957 ad
2992 4894 3164 4958 hanc

487 4973 944 5055 quaestionem
975 4996 1109 5042 non
1137 4980 1494 5062 pertinent.
1528 4977 1910 5043 Cohaeret-e
1929 4978 2244 5043 videntur
2268 4982 2439 5044 haec
2471 5000 2620 5044 eum
2648 4980 2851 5045 rebus
2868 4978 3160 5045 Solonis.

2637 5103 2702 5153 3²¹
