4057 5790
1509 589 2073 661 -143-
2554 664 2577 710 ι

457 835 643 906 unde
695 831 1080 906 Marmoris
1149 833 1318 906 anni
1395 831 1778 922 computati
1863 837 2053 924 sunt,
2134 832 2514 904 videndum
2582 837 2712 906 est.
2820 827 2966 904 Res
3020 839 3131 905 est

457 972 858 1064 tritissima,
897 975 901 980 ’
937 971 1258 1061 singulas
1313 970 1626 1044 chronici
1681 969 1881 1042 illius
1928 969 2243 1068 ¹epochas
2312 970 2538 1062 repeti
2596 970 2764 1042 inde
2820 991 2861 1042 a
2914 969 3131 1042 Dio-

455 1116 758 1206 gneto,
817 1109 1161 1184 archonte
1215 1106 1488 1201 Attico,
1569 1129 1775 1198 quem
1819 1107 2227 1182 Boeckhius
2292 1105 2409 1198 (O.
2458 1109 2511 1178 1.
2572 1105 2662 1180 G.
2716 1106 2789 1179 II
2832 1129 2902 1199 p.
2954 1108 3130 1199 306)

456 1271 644 1324 anno
697 1245 942 1350 264J3
1000 1249 1422 1338 adsignavit.
1531 1245 1677 1319 Iam
1735 1267 1905 1320 vero
1959 1268 2046 1318 ex
2101 1267 2238 1336 quo
2302 1247 2374 1318 in
2446 1245 2735 1339 papyris
2786 1243 3131 1318 Hercu-

451 1389 712 1462 lanen
735 1387 975 1460 sibus
1029 1386 1177 1478 (ed.
1239 1385 1704 1478 Comparetti
1759 1386 2026 1458 Torino
2084 1381 2317 1482 1875)
2370 1405 2553 1457 nova
2631 1391 2705 1456 et
2782 1405 2877 1456 ea
2944 1387 3130 1458 haud

455 1528 751 1619 indigna
800 1529 884 1600 de
943 1524 1342 1600 Stoicorum
1399 1523 1840 1616 temporibus
1910 1524 2317 1596 testimonia
2374 1529 2919 1618 comparuerunt
2964 1523 3137 1595 mul-

479 1666 680 1756 tique
731 1665 1053 1737 homines
1111 1664 1300 1736 docti
1357 1684 1510 1737 cum
1566 1662 1689 1734 alii
1745 1670 1893 1734 tum
1951 1638 2333 1734 Rohdius
2391 1661 2503 1732 his
2556 1661 2769 1734 rebus
2825 1662 3133 1734 studium

471 1825 672 1876 suum
732 1805 1224 1896 admoverunt,
1279 1800 1702 1874 Boeckhii
1760 1801 1886 1872 ille
1959 1800 2270 1875 calculus
2324 1800 2647 1890 sepultus
2703 1808 2834 1872 est.
2943 1801 3132 1892 Quo·

449 1942 639 2014 niam
693 1941 877 2014 euim
935 1941 1074 2013 duo
1128 1940 1348 2011 annni
1401 1939 1736 2030 anonymi
1807 1895 2111 2024 exstant,
2185 1958 2480 2028 quorum
2534 1943 2695 2010 uter
2748 1937 3131 2031 Diogneto,

449 2086 616 2152 uter
664 2076 1073 2151 Arrhenide
1134 2079 1473 2150 archonte
1524 2072 1690 2170 (sub
1738 2097 1876 2166 quo
1930 2077 2130 2149 Zeno
2180 2076 2357 2148 obiit
2390 2076 2725 2164 mortem)
2789 2098 3133 2150 exornan-

450 2219 580 2290 dus
629 2219 746 2310 sit,
803 2217 1144 2289 traditum
1199 2237 1340 2288 non
1398 2213 1532 2306 est,
1588 2220 1740 2286 tota
1787 2216 1961 2289 haec
2026 2215 2353 2304 quaestio
2406 2215 2572 2287 inde
2624 2215 2911 2309 pendet,
2968 2236 3133 2305 quo·

449 2378 610 2429 nam
635 2376 820 2428 anno
853 2355 1098 2426 Zeno
1129 2351 1414 2428 Stoicus
1443 2351 1816 2426 defunctus
1867 2354 1982 2425 sit.
2036 2349 2588 2444 Rohdius(M
2643 2349 2780 2423 Rh.
2814 2350 3129 2425 XXXIII

451 2517 520 2587 p.
581 2495 730 2567 622
785 2489 924 2590 sq.)
976 2499 1058 2565 ut
1111 2493 1298 2565 hunc
1354 2492 1734 2564 terminum
1821 2490 2145 2582 definiat,
2219 2489 2685 2581 proficiscitur
2737 2511 2779 2563 a
2827 2513 3119 2585 papyro,
3177 2526 3186 2534 ·

449 2635 553 2725 tp.
617 2631 713 2703 57
767 2615 1143 2725 Ooinpar.)
1203 2630 1326 2701 ubi
1382 2631 1720 2724 scriptum
1793 2635 1928 2720 est,
2016 2626 2540 2700 Cleanthem
2607 2628 2917 2700 Zenonis
2972 2648 3125 2702 suc—

449 2737 804 2844 cessorem
859 2768 979 2865 τὴν
1034 2765 1287 2864 σχολὴν
1335 2772 1696 2861 κατασχεῖν
1750 2757 1848 2835 ἐπ’
1902 2763 2020 2862 ἔτη
2066 2765 2407 2862 τριάκοντα
2444 2764 2554 2834 καὶ
2610 2763 2748 2835 δύο.
2771 2760 2833 2860 ¹)
2890 2764 3139 2838 Clean-

447 2910 642 2983 them
699 2929 886 2980 anno
945 2904 1180 2997 23211
1223 2902 1585 3002 (archonte
1626 2906 1936 2979 Iasone:
1986 2905 2227 2996 Papir.
2260 2904 2497 2978 Ercol.
2527 2925 2591 2995 p.
2638 2906 2731 2975 57
2774 2902 3138 2998 Compar.)

444 3053 796 3120 mortuum
857 3063 1034 3118 'esse
1091 3046 1376 3117 aliunde
1441 3051 1635 3118 certo
1691 3052 1981 3119 constat
2032 3042 2227 3135 (Luc.
2285 3040 2603 3116 Macrob.
2668 3042 2793 3122 19.
2888 3041 3135 3115 Valer.

445 3182 550 3257 M.
604 3182 800 3273 VIII,
869 3184 935 3270 7,
994 3181 1288 3256 Extern.
1353 3184 1466 3261 11.
1525 3184 1753 3275 papir.
1811 3181 2074 3257 Ercol.
2129 3204 2203 3273 p.
2262 3182 2409 3272 58).
2496 3178 2691 3273 Ergo
2745 3178 3137 3254 Rohdius

447 3343 586 3412 quo
639 3343 825 3393 anno
881 3322 1304 3395 occubuerit
1359 3322 1588 3413 Zeno,
1669 3323 1775 3393 ita
1825 3318 2065 3412 efficit,
2146 3327 2225 3392 ut
2282 3320 2373 3391 32
2432 3320 2563 3391 hos
2614 3320 2865 3412 papyri
2918 3340 3141 3393 annos
3279 3408 3287 3416 .

380 3440 396 3449 ⁶
445 3461 596 3531 232
651 3482 836 3531 anno
888 3459 1171 3552 adiciat,
1226 3459 1412 3531 unde
1445 3460 1760 3533 Zenonis
1813 3466 2125 3532 mortem
2170 3458 2257 3530 ad
2298 3458 2447 3529 264
2478 3458 2945 3530 revocandam
2982 3478 3140 3530 esse

447 3598 806 3690 adpareat.
889 3596 1090 3690 Quae
1128 3599 1553 3689 computatio
1595 3596 1878 3671 Rohdio
1928 3599 2431 3689 comprobatur
2467 3598 2875 3670 testimonio
2918 3596 3121 3670 Hie-

461 3738 858 3830 ronymi,
943 3737 1064 3826 qui
1130 3737 1260 3808 sub
1341 3758 1528 3807 anno
1611 3736 1883 3809 Abrah.
1943 3738 2145 3809 1753
2198 3772 2300 3797 z
2355 3736 2443 3809 ol.
2504 3736 2677 3827 129,
2759 3736 2803 3805 1
2873 3734 3128 3807 habet:

447 3876 668 3972 ‚Zeno
723 3872 1004 3949 Stoicus
1082 3876 1410 3968 moritur,
1489 3881 1651 3966 post
1705 3896 1908 3965 quem
1967 3872 2409 3947 Cleanthes}
2514 3872 2817 3963 Recepit
2896 3872 3106 3944 ratio·

445 4036 604 4085 nem
661 4010 1106 4086 Rohdianam
1173 4010 1762 4104 Gomperzius
1816 4012 1918 4085 M.
1961 4011 2100 4085 Rh.
2150 4010 2467 4083 XXXIV
2510 4033 2577 4103 p.
2639 4013 2784 4083 154
2840 4031 2945 4099 sq.
2992 4011 3117 4100 qui

444 4154 598 4242 ipse
653 4157 934 4242 tempus
1014 4151 1126 4222 vel
1210 4149 1770 4225 accuratioribus
1845 4150 2173 4223 terminis
2236 4149 2783 4243 circumscripsit
2855 4148 2982 4238 ita,
3036 4156 3117 4219 ut

446 4289 758 4361 Zenonis
811 4295 1107 4361 mortem
1163 4288 1697 4379 Scirophorioni
1780 4288 2007 4359 mensi
2091 4288 2263 4359 anni
2335 4287 2783 4379 olympiadici
2841 4286 3016 4378 125,
3076 4291 3117 4357 4

446 4427 883 4517 adsignaret.
995 4426 1220 4517 Quem
1279 4450 1537 4499 annum
1584 4426 2067 4517 Gomperzius
2120 4426 2431 4497 vindicat
2469 4424 2883 4497 Arrhenidi.
2972 4422 3133 4497 Evi-

447 4564 627 4636 tavit
682 4564 964 4653 quidem
1021 4564 1149 4636 hoc
1195 4564 1602 4667 modo-ille,
1660 4564 1847 4653 quod
1915 4563 2330 4652 neglexerat
2366 4561 2795 4656 Rohdius,
2861 4565 3125 4655 quippe

657 4737 724 4810 1)
804 4734 1134 4797 Ultimum
1215 4726 1571 4795 numerum
1653 4734 1720 4795 in
1791 4751 2051 4816 papyro
2128 4751 2345 4815 paene
2421 4731 2717 4796 deletum
2795 4733 3133 4815 supplevit

448 4820 1026 4903 Gomperzius
1093 4817 1240 4883 Jen.
1316 4816 1438 4881 Lit.
1496 4818 1634 4899 Ztg.
1703 4818 1872 4881 1875
1941 4839 2006 4902 p.
2060 4820 2207 4883 605.
2320 4817 2516 4902 Quod
2586 4818 3123 4901 supplementum

449 4908 755 4990 proxime
803 4906 888 4969 ad
935 4908 1182 4989 papyri
1229 4905 1520 4985 vestigia
1565 4905 1892 4969 accedere
1939 4905 2295 4988 postmodo
2361 4909 2428 4967 in
2498 4904 2765 4969 Italiam
2833 4908 3127 4986 profecto

447 4993 587 5056 suis
631 4993 842 5076 ipsius
890 4992 1100 5056 oculis
1147 4992 1480 5075 inspicere
1524 4989 1732 5055 licuit.
1828 4992 1911 5056 cf.
1963 4990 2057 5053 M.
2109 4990 2239 5055 Rh.
2290 4988 2583 5057 XXXIV
2631 5010 2697 5079 p.
2751 4992 2902 5057 154.
