4057 5790
1575 537 2088 606 —85-....

488 780 1080 856 antecedentibus
1161 786 1304 852 tam
1384 784 1539 851 arte
1614 782 1942 851 contexta
1995 781 2195 870 sunt,
2278 781 2359 848 ut
2423 775 2512 849 ab
2566 775 2655 848 iis
2710 776 2909 850 nullo
2957 780 3167 868 pacto

488 921 768 1012 possint
819 918 1091 991 divelli.

692 1057 1052 1130 Probatur
1090 1053 1335 1144 igitur,
1387 1073 1526 1125 nou
1569 1049 1919 1124 refutatur
1955 1049 2312 1124 Herodoti
2349 1057 2747 1142 temporum
2786 1050 3167 1141 descriptio

485 1196 895 1270 testimonio
964 1191 1480 1284 StrabonianO,
1555 1192 1678 1281 qui
1730 1192 1914 1264 idem
1974 1189 2226 1268 Alcaei
2272 1189 2511 1280 fugam
2568 1196 2733 1263 ante
2787 1189 3189 1262 Periandri·

489 1333 867 1406 arbitrium
926 1332 1262 1407 cecidisse
1317 1331 1523 1403 testis
1578 1335 1707 1402 est.

695 1471 802 1544 At
859 1493 1075 1543 unum
1127 1471 1241 1564 hic
1287 1467 1586 1540 maxime
1643 1465 2063 1538 tenendum:
2132 1466 2465 1539 universa
2512 1460 2831 1538 narratio
2883 1464 3165 1539 Hero-

487 1610 756 1684 dotea
833 1631 977 1682 non
1060 1630 1201 1681 uno
1281 1614 1528 1681 tenore
1587 1605 2010 1680 continuata
2088 1610 2219 1680 est.
2352 1601 2432 1676 Si
2514 1604 2699 1676 enim
2752 1602 3165 1677 Herodotus

485 1748 926 1839 superiorem
987 1747 1074 1819 de
1127 1744 1628 1836 Hegesistrato
1681 1742 2089 1814 memoriam
2144 1741 2539 1838 perducere
2598 1742 2967 1835 voluisset,
3042 1733 3165 1814 mi-

492 1886 680 1957 nime
730 1886 840 1959 ita
890 1885 1350 1976 perrexisset,
1431 1887 1510 1953 ut
1562 1881 1894 1952 universe
1943 1881 2081 1952 iam
2138 1879 2401 1974 dudum
2458 1880 2547 1952 de
2594 1877 2809 1970 Sigeo
2865 1879 3163 1954 Atheni·

496 2045 706 2096 enses
747 2029 819 2096 et
857 2021 1337 2116 Mytilenaeos
1367 2019 1794 2111 pugnavisse
1835 2018 2067 2091 denuo
2107 2023 2489 2108 repeteret.
2540 2017 2699 2090 Hoc
2737 2019 3021 2091 omnino
3058 2038 3165 2092 co·

486 2163 700 2252 gitari
765 2161 1034 2253 nequit.
1145 2160 1602 2252 Quapropter
1659 2180 1821 2232 eum
1881 2158 1993 2230 hic
2064 2178 2255 2228 more
2312 2179 2440 2230 suo
2486 2154 2671 2230 facta
2726 2154 2923 2248 Sigei
2972 2176 3161 2229 men·

487 2303 681 2374 tione
763 2300 1032 2373 bellum
1089 2301 1164 2370 in
1237 2305 1650 2371 transcursu
1714 2315 2257 2369 commemorare
2312 2295 2399 2366 de
2456 2292 2671 2385 Sigeo
2744 2295 2911 2368 olim
2968 2294 3159 2368 inter

492 2439 968 2512 Athenienses
1053 2445 1124 2512 et
1197 2435 1671 2531 Mytilenaeos
1746 2442 2024 2525 gestum
2108 2434 2513 2508 rectissime·
2569 2436 2709 2506 iam
2788 2436 3153 2530 perspexit

488 2577 1013 2655 Valckeuae
1039 2577 1118 2648 ri
1142 2597 1262 2648 us.
1371 2573 1672 2666 Cogitur
1717 2573 1850 2648 hoc
1906 2574 2313 2648 necessario
2342 2593 2499 2648 cum
2532 2595 2617 2645 ex
2645 2573 2807 2646 aliis
2839 2567 3159 2667 causiS,¹)

487 2723 634 2788 tum
717 2737 802 2787 ex
885 2721 1284 2806 temporum
1323 2712 1793 2785 ¹rationibust
1875 2733 2055 2803 quae
2140 2711 2227 2784 de
2283 2710 2652 2784 Pisistrati
2706 2711 2855 2815 filio
2912 2718 3159 2784 narrat

487 2853 900 2928 Herodotus
957 2853 1208 2926 nullo
1263 2858 1520 2944 pacto
1577 2857 1747 2925 ante
1803 2852 1892 2925 ol.
1935 2853 2062 2943 48,
2123 2851 2501 2943 4:585,
2559 2870 2697 2940 quo
2734 2871 2919 2924 anno
2954 2848 3154 2923 Peri-

471 2995 771 3067 andrum
849 2999 1148 3066 mortem
1199 2991 1460 3065 obiisse
1509 2995 1826 3084 constat,
1902 2991 2237 3065 accidisse
2310 2995 2633 3080 possunt.
2740 2988 3158 3063 Herodotus

481 3130 726 3222 igitur,
776 3130 947 3219 quin
999 3128 1142 3219 hic,
1197 3128 1379 3200 sicut
1429 3127 1868 3219 saepissime,
1922 3127 2315 3218 superioris
2353 3127 2528 3200 belli
2566 3130 2973 3201 memoriam
3012 3130 3157 3203 obi·

484 3272 598 3341 ter
650 3268 1096 3359 repetiverit,
1154 3288 1292 3338 non
1347 3270 1459 3337 est
1511 3264 2003 3338 dubitandum.

690 3410 933 3497 Itaque
988 3404 1380 3479 Rohdius
1435 3404 1734 3477 duorum
1771 3403 2151 3495 bellorum,
2182 3424 2479 3493 quorum
2521 3404 2632 3478 hic
2672 3404 2938 3478 mentio
2976 3404 3160 3479 facta

484 3550 698 3639 esset,
754 3545 1160 3617 memoriam
1200 3544 1542 3618 acerrime
1599 3543 1806 3618 nobis
1847 3542 2323 3616 distinendam
2361 3564 2520 3615 esse
2557 3543 2745 3616 iusto
2797 3535 2968 3616 mihi
3024 3551 3160 3617 sta-

485 3686 707 3759 tuisse
748 3685 1029 3758 videtur
1075 3685 1290 3765 iuret,
1323 3683 1591 3756 scilicet
1643 3682 2178 3775 superioris,
2232 3679 2614 3754 Periandri
2662 3682 2961 3755 arbitrio
2999 3704 3159 3758 con-

486 3821 654 3898 fecti
725 3829 800 3896 et
872 3822 1454 3913 recentioriS,
1537 3821 1722 3911 quod
1773 3820 2201 3893 Pisistratus
2275 3828 2350 3894 et
2407 3820 2595 3894 filius
2654 3823 2809 3895 eius
2874 3823 3159 3914 spurius

484 3958 1027 4051 Hegesistratus
1055 3961 1470 4051 gessissent.
1555 3924 1851 4050 bigeutn
1889 3980 2083 4052 vero,
2111 3958 2493 4057 Periandri
2531 3960 2830 4069 arbitrio
2858 3957 3160 4034 Atheni-

485 4100 776 4195 ensibus
830 4099 1216 4194 addictnm,
1269 4105 1556 4195 postero
1594 4068 1912 4191 tempore
1971 4118 2221 4171 rursus
2258 4065 2856 4191 Mytilenaeorum
2898 4098 3157 4173 factum

484 4259 666 4327 esse,
740 4240 914 4311 satis
949 4240 1075 4311 ‘vel
1133 4237 1302 4311 inde
1357 4206 1675 4331 adparet,
1755 4238 1941 4328 quod
2005 4236 2421 4332 Herodotus
2458 4236 2914 4311 Pisistratum
2966 4240 3163 4334 oppi-

484 4376 650 4449 dum
729 4376 910 4449 illud
985 4379 1056 4450 vi
1134 4400 1176 4450 a
1227 4376 1688 4471 Mytilenaeis
1739 4398 2181 4469 expugnasse
2250 4377 2402 4473 ipse
2473 4376 2803 4469 perhibet
2868 4375 2964 4471 V,
3026 4378 3153 4449 94:

485 4509 737 4609 Σίγειον
818 4513 892 4583 τὸ
946 4514 1085 4585 εἷλε
1155 4494 1625 4612 Πεισίστρατὸς
1679 4516 1898 4611 αἰχμῇ
1961 4488 2151 4613 {capel
2202 4510 2693 4612 Μυτιληναίων.
2794 4518 3040 4605 Itaque
3095 4480 3191 4587 si¹

799 4720 1100 4729 ——a—

687 4858 760 4937 1)
828 4856 1160 4923 Cohaeret
1204 4859 1364 4923 inde
1409 4878 1451 4921 a
1497 4859 1703 4924 verbo
1749 4858 2077 4942 ἐπολέμεον
2137 4877 2349 4943 usque
2416 4824 2512 4923 ad⁸
2568 4857 2775 4925 finem
2832 4878 2889 4923 ο.
2934 4860 3021 4923 96
3064 4861 3190 4924 ita.

491 4944 668 5008 inter
710 4964 784 5009 se
830 4950 964 5009 tota
1009 4947 1326 5029 narratio,
1381 4952 1454 5009 ut
1497 4946 1890 5011 incisionem
1937 4946 2125 5009 nulla
2167 4952 2357 5029 parte
2400 4947 2625 5012 faeere
2665 4949 2903 5030 possis.

2636 5070 2701 5121 4⁸
