4057 5790
1943 549 2501 620 -124—

887 794 1100 867 doteo
1149 789 1307 865 fusa
1359 791 1448 866 de
1501 789 1884 864 Pisistrato
1934 789 2251 864 narratio
2306 791 2397 884 (c.
2431 789 2613 860 59-
2636 785 2756 878 65)
2812 803 3037 876 usque
3090 782 3185 856 ad
3236 780 3559 854 ultimam

891 931 1044 1004 eius
1097 929 1544 1024 tyrannidem
1633 928 2000 1020 perducta.
2126 924 2274 1001 Sed
2334 945 2515 1017 quae
2586 924 2701 996 hic
2762 922 2849 996 de
2915 919 3281 994 Pisistrati
3342 920 3559 992 rebus

889 1068 1274 1143 inculcavit
1303 1065 1746 1159 Herodotus,
1799 1064 2134 1138 facillime
2187 1068 2577 1160 potuerunt
2628 1062 2740 1136 vel
2796 1062 2995 1136 ultra
3042 1061 3201 1154 ipsa
3252 1081 3340 1133 ea
3388 1066 3562 1132 tem-

889 1227 1067 1299 pora
1117 1205 1543 1298 continuari,
1589 1205 1662 1276 in
1718 1223 1898 1294 quae
1937 1200 2190 1277 Croesi
2242 1204 2389 1275 ista
2436 1201 2689 1276 incidit
2740 1201 3185 1274 consultatio.
3296 1199 3456 1291 Qua
3484 1198 3561 1270 in

891 1366 972 1418 re
1025 1345 1163 1416 iam
1218 1343 1402 1416 nihil
1457 1343 1670 1418 credo
1725 1340 2062 1436 offendet,
2134 1343 2257 1432 qui
2311 1341 2507 1414 norit
2551 1340 2859 1414 indolem
2917 1339 3086 1412 libri
3139 1335 3557 1412 Herodotei.

889 1481 1144 1574 Itaque
1224 1503 1370 1556 non
1451 1487 1585 1575 est,
1658 1501 1784 1554 cur
1847 1480 2099 1572 capitis
2150 1479 2593 1570 insequentis
2642 1479 2818 1571 (65)
2866 1477 3133 1550 verba:
3226 1471 3397 1552 Τοὺς
3440 1477 3561 1572 μέν

891 1643 1002 1690 νυν
1066 1611 1484 1716 Ἀθηναίους
1561 1621 1838 1688 τοιαῦτα
1908 1614 2018 1686 τὸν
2091 1615 2329 1714 χρόνον
2406 1621 2637 1687 τοῦτον
2708 1611 3115 1686 ἐπυνθάνετο
3178 1615 3213 1685 ὃ
3276 1607 3562 1713 Κροῖσος

889 1758 1264 1854 κατέχοντα
1331 1757 1730 1830 necessario
1790 1755 2276 1846 respondeant
2334 1755 2511 1848 ipsis
2576 1756 2701 1849 iis,
2776 1777 2960 1846 quae
3038 1755 3111 1826 in
3160 1756 3408 1849 capitis
3462 1755 3562 1826 64

891 1897 1033 1970 fine
1081 1902 1424 1970 enarrata
1469 1899 1704 1981 erant,
1783 1895 1910 1966 sed
1961 1895 2294 1966 universe
2344 1893 2431 1966 ad
2485 1898 2730 1988 totam,
2800 1913 2983 1982 quae
3042 1887 3129 1966 ‘de
3182 1891 3563 1966 Pisistrato

890 2036 1270 2110 interiecta
1317 2041 1450 2122 est,
1503 2034 1982 2106 narrationem
2004 2046 2012 2055 “
2035 2031 2415 2105 referenda
2466 2027 2720 2128 sunt.¹)

1101 2175 1246 2246 Iam
1291 2172 1500 2246 venio
1555 2172 1645 2245 ad
1689 2173 1850 2263 ipsa
1900 2177 2447 2263 argumenta,
2530 2171 2785 2260 quibus
2850 2167 2995 2243 Un
3027 2189 3333 2261 gerus
3388 2189 3566 2244 com·

891 2309 1194 2406 probare
1227 2310 1527 2404 studuit,
1554 2305 2016 2382 Pisistratum
2051 2315 2305 2399 quater
2344 2307 2645 2381 Athenis
2682 2287 3127 2402 tyrannidem
3168 2325 3560 2400 occupasse.

895 2446 1162 2521 Adfert
1207 2448 1333 2520 ille
1385 2449 1690 2541 primum
1745 2453 1990 2521 notum
2042 2447 2249 2540 illud,
2307 2448 2495 2538 quod
2550 2448 2623 2520 in
2678 2447 2847 2520 vitis
2900 2447 3203 2520 Homeri
3256 2445 3565 2537 alibique

895 2593 1254 2660 servatum
1309 2592 1444 2680 est,
1500 2588 2059 2680 epigramma
2111 2588 2185 2658 in
2235 2582 2693 2662 Pisistratum
2742 2586 3137 2659 conditum:

1405 2727 1544 2822 τρίς
1591 2749 1678 2820 με
1728 2725 2238 2823 τυραννήσαντα
2283 2725 2672 2800 τοσαυτάκις
2724 2723 3029 2803 ἐξεδίωξε

1411 2861 1623 2960 δῆμος
1675 2858 2064 2962 Ἀθηναίων
2119 2863 2230 2935 καὶ
2277 2863 2415 2962 τρὶς
2466 2861 2841 2961 ἐπηγάγετο

1407 2999 1520 3070 τὸν
1575 3000 1787 3095 μέγαν
1839 2999 1910 3070 ἐν
1965 2998 2179 3100 βουλῇ
2216 2996 2691 3111 Πεισζστρατον
2744 3024 2847 3092 sq.

895 3141 1158 3233 quippe
1239 3159 1378 3230 quo
1459 3138 1916 3213 Pisistratum
1999 3162 2139 3213 non
2222 3146 2397 3233 ter,
2490 3141 2617 3213 sed
2708 3145 3042 3231 quater
3120 3140 3569 3234 tyrannidem

896 3278 1322 3371 adripuisse,
1377 3281 1626 3370 aperte
1691 3279 2082 3354 indicetur:
2164 3278 2287 3371 ,Es
2361 3278 2667 3370 bezeugt
2712 3279 3004 3351 hiermit
3056 3280 3571 3373 ausdrucklich,

896 3417 1060 3498 dass
1115 3417 1244 3491 der
1299 3418 1591 3511 Tyrann
1644 3417 1839 3491 nicht
1894 3418 2074 3510 drei,
2130 3418 2439 3491 sondern
2496 3417 2794 3489 viermal
2845 3418 2959 3491 die
3000 3416 3427 3491 Herrschaft
3480 3440 3571 3491 au
3654 3469 3675 3477 -

897 3556 1048 3629 sich
1103 3558 1424 3648 ger-issen
1480 3555 1649 3632 hat‘.
1761 3554 1972 3647 Quod
2027 3556 2463 3647 epigramma
2538 3576 2677 3646 quo
2729 3561 3051 3649 tempore
3108 3558 3573 3649 compositum

895 3694 995 3767 sit
1043 3693 1368 3767 homines
1416 3693 1603 3766 docti
1653 3693 1860 3765 valde
1915 3693 2370 3767 dissentiunt.
2481 3690 2625 3767 Sed
2679 3714 2833 3767 cum
2874 3694 2948 3767 id
3008 3695 3096 3768 ad
3141 3694 3327 3769 hanc
3362 3717 3573 3786 quae·

897 3832 1198 3905 stionem
1254 3851 1396 3904 non
1471 3829 1766 3902 multum
1843 3831 2171 3923 attineat,
2252 3831 2480 3903 solum
2563 3830 2695 3904 hoc
2741 3831 3061 3905 breviter
3110 3833 3285 3905 mihi
3360 3834 3575 3909 liceat

896 3968 1205 4063 adferre,
1259 3968 1645 4061 Bergkii
1695 3970 2123 4042 sententiam
2172 3968 2338 4062 (Gr.
2378 3968 2523 4042 Lit.
2566 3968 2722 4043 G.I
2777 3993 2850 4062 p.
2888 3968 3092 4071 448),
3150 3974 3272 4063 qui
3320 3994 3573 4047 versus

895 4108 1058 4181 illos
1137 4107 1378 4200 paullo
1457 4114 1624 4200 post
1690 4107 1960 4180 bellum
2013 4107 2699 4199 Peloponnesiacum
2778 4109 3103 4183 conditos
3184 4133 3341 4184 esse
3424 4110 3577 4183 vult

896 4267 1192 4339 prorsus
1247 4246 1514 4319 nullam
1552 4247 1819 4320 habere
1857 4247 2180 4320 veritatis
2218 4245 2545 4339 speciem.
2624 4246 2930 4321 Adridet
2964 4250 3261 4321 maxime
3298 4248 3471 4323 Wil
3494 4272 3577 4323 a·

896 4384 1321 4458 mowitzii
1370 4383 1648 4477 opinio,
1723 4384 1844 4474 qui
1893 4384 2273 4477 sicut..ea,
2344 4405 2523 4475 quae
2588 4406 2773 4461 nunc
2838 4387 3031 4479 apud
3084 4388 3574 4477 grammaticos

899 4522 988 4595 dc
1040 4521 1408 4595 Pisistrati
1478 4521 1665 4596 curis
1721 4520 2125 4597 Homericis
2182 4523 2543 4616 leguntur,
2622 4525 2724 4595 ita
2772 4525 2989 4598 etiam
3042 4527 3575 4619 epigrammatis

1116 4863 1189 4941 1)
1239 4858 1456 4931 video
1507 4862 1638 4927 hoc
1678 4864 2055 4929 rectissime
2102 4866 2410 4947 posuisse
2456 4866 2663 4931 etiam
2708 4866 2781 4932 P.
2838 4851 3420 4954 seettiner'um,
3470 4870 3572 4934 Ad

899 4949 1169 5015 Solonis
1215 4954 1510 5013 aetatem
1553 4956 1815 5031 quaest.
1867 4952 2009 5016 crit.
2062 4950 2329 5033 Regim.
2382 4952 2578 5017 1885.
2629 4952 2830 5019 Thes.
2882 4952 2933 5018 1.
