4057 5790
1952 488 2465 560 -40..-

871 730 1209 826 tenebras
1257 729 1668 822 obduceret,
1721 730 2147 822 praesertim
2193 751 2351 806 cum
2387 730 2475 805 de
2515 737 2773 806 neutro
2820 731 3103 804 illorum
3144 735 3544 819 temporum

874 869 1214 942 memoria
1265 869 1443 943 certi
1496 868 1667 959 quid
1720 870 2170 944 servavisset.
2300 868 2697 961 Utriusque
2778 890 2895 942 res
2974 871 3219 959 gestae
3284 870 3363 939 et
3404 887 3546 938 mo·

871 1027 990 1080 res
1042 1006 1437 1102 posteriore
1489 1006 1775 1084 demum
1847 1013 2087 1082 aetate
2144 1047 2241 1062 —
2296 1008 2371 1080 in
2430 1008 2756 1081 diversas
2809 1006 3094 1096 quidem
3147 1010 3389 1098 partes
3442 1039 3541 1058 -

873 1149 951 1218 et
1002 1147 1336 1219 restituta
1387 1152 1462 1218 et
1509 1145 1945 1222 conformata
1993 1152 2185 1220 sunt.
2278 1143 2487 1239 Quod
2568 1146 2703 1222 iam
2762 1145 2939 1219 satis
3000 1144 3313 1235 antiquis
3376 1127 3545 1216 tem·

871 1283 1167 1375 poribus
1219 1284 1376 1358 fieri
1425 1291 1749 1377 coeptum
1808 1291 1953 1378 est,
2001 1305 2157 1361 cum
2215 1281 2303 1360 V.
2358 1290 2435 1358 et
2486 1282 2619 1357 IV.
2676 1283 2954 1357 saeculo
3010 1303 3254 1356 eorum
3306 1280 3547 1372 imagi·

869 1442 999 1494 nes
1051 1422 1191 1495 iam
1245 1422 1670 1497 densissima
1716 1422 2131 1497 fabularum
2188 1422 2492 1514 caligine
2546 1421 2759 1515 plane
2811 1421 3105 1495 obrutas
3157 1419 3542 1494 videamus,

873 1558 1034 1634 Hac
1087 1565 1322 1634 aetate
1367 1562 1582 1635 etiam
1633 1561 1812 1655 ista,
1863 1582 2045 1653 quae
2098 1561 2289 1655 apud
2341 1559 2805 1634 Plutarchum
2858 1563 3313 1651 enarrantur,
3366 1557 3545 1630 mili-

871 1697 1057 1780 taria
1108 1696 1430 1774 facinora
1473 1699 1547 1774 in
1598 1697 1938 1776 Solonem
1981 1699 2334 1774 translata
2386 1721 2543 1774 esse
2592 1700 2948 1773 videntur.

1083 1833 1329 1929 Atque
1418 1837 1761 1913 habemus
1827 1839 2235 1915 etiamnunc
2303 1832 2823 1930 testimonium,
2914 1859 2961 1909 a
3031 1833 3545 1910 recentioribus

871 1975 1154 2066 quidem
1237 1975 1416 2050 illud
1503 1998 1947 2070 nequaquam
2050 1983 2245 2053 recte
2334 1977 2773 2051 aestimatum
2796 2031 2813 2063 ,
2904 1975 3093 2066 qnod
3188 1974 3279 2048 ad
3366 1991 3545 2062 eam,

870 2132 1078 2203 quam
1130 2115 1437 2207 protuli,
1521 2118 1948 2191 sententiam
2002 2115 2611 2192 conroborandam
2668 2115 2939 2207 aliquid
2998 2113 3171 2188 mihi
3220 2111 3547 2186 videatur

869 2251 1212 2326 conferre.
1345 2251 1460 2326 Pl
1493 2254 1941 2329 utarchu
1972 2277 2007 2328 s
2086 2255 2159 2328 in
2232 2253 2518 2329 Solonis
2603 2275 2761 2330 cum
2829 2251 3200 2346 Poplicola
3276 2268 3549 2343 compa·

870 2389 1169 2464 rationis
1224 2411 1279 2466 c.
1332 2391 1384 2464 4
1478 2396 1560 2464 ut
1611 2389 1949 2466 Solonem
2027 2413 2071 2464 a
2131 2391 2501 2486 Poplicola
2578 2390 2757 2466 belli
2828 2391 3059 2483 gloria
3135 2384 3543 2480 superatum

875 2550 1033 2603 esse
1061 2526 1394 2603 ostendat
1417 2528 1594 2604 haec
1619 2527 1788 2604 facit
1813 2530 2072 2603 verba:
2112 2537 2245 2600 τῶν
2292 2529 2515 2624 μέντοι
2549 2527 2922 2623 πολεμικῶν
2950 2526 3205 2600 Σόλωνι
3244 2525 3364 2624 μὲν
3390 2523 3547 2597 οὐδὲ

874 2663 958 2735 τὰ
1008 2665 1176 2764 πρὸς
1223 2659 1561 2764 Μεγαρεῖς
1607 2662 2057 2764 Δαΐμαχος
2117 2669 2152 2738 ὁ
2224 2663 2694 2745 Πλαταιεὺς
2744 2667 3270 2766 μεμαρτύρηκεν,
3320 2667 3551 2762 ὥσπερ

871 2803 1065 2901 ἡμεῖς
1121 2801 1630 2902 διεληλύθαμεν.
1713 2807 1913 2900 Quae
1953 2808 2172 2882 verba
2228 2808 2398 2898 quid
2438 2805 2842 2900 significent
2876 2805 3325 2880 manifestum
3359 2798 3549 2901 est.¹)

874 2940 1028 3018 Nec
1079 2965 1222 3017 non
1275 2946 1396 3035 qui
1448 2946 1656 3039 primi
1705 2945 1837 3021 hac
1882 2947 1970 3019 de
2024 2958 2131 3019 re‘
2161 2955 2645 3038 exposuerunt
2680 2928 3179 3021 Odofred‘us
3218 2943 3553 3018 Mtiller

876 3076 1082 3176 (Dor.
1112 3079 1149 3153 I
1173 3106 1244 3177 p.
1281 3082 1462 3173 176)
1517 3089 1590 3155 et
1626 3080 1994 3161 Grotius
2034 3072 2141 3187 (11
2164 3106 2236 3177 p.
2270 3084 2364 3156 73
2395 3082 2685 3179 Meiss.)
2737 3084 2905 3175 quid
2938 3084 3027 3157 iis
3065 3084 3550 3158 contineretur

875 3224 1066 3292 recte
1120 3228 1656 3314 perspexerunt.
1764 3224 2102 3295 Attamen
2155 3221 2631 3311 Prinzius,
2682 3224 2793 3296 cui
2838 3222 3271 3297 recentiores
3310 3243 3550 3296 omnes

875 3378 953 3431 se
1007 3357 1565 3455 adplicaverunt,
1609 3359 1782 3435 haec
1830 3357 2107 3452 profert
2157 3360 2209 3431 l.
2266 3360 2313 3433 l.
2365 3382 2435 3455 p.
2492 3362 2633 3435 10:
2726 3358 2902 3453 ,Sed
2954 3362 3066 3435 his
3121 3362 3396 3455 verme,
3464 3382 3551 3433 ex

876 3495 1134 3586 quibus
1185 3497 1361 3571 certi
1419 3498 1597 3571 nihil
1649 3499 1806 3572 erui
1857 3504 2121 3592 potest,
2170 3497 2599 3573 Plutarchus
2650 3497 2959 3573 fortasse
3006 3499 3245 3589 dicere
3300 3498 3547 3585 voluit,

877 3632 1358 3709 Daemachum
1411 3657 1527 3709 res
1571 3658 1612 3709 a
1647 3628 1912 3711 Solone
1967 3638 2042 3709 in
2097 3637 2288 3710 bello
2341 3636 2757 3730 Megarensi
2808 3644 3047 3729 gestas
3099 3660 3271 3712 non
3328 3656 3549 3711 com-

876 3769 1493 3871 memorare.‘²)
1574 3773 1681 3848 At
1706 3773 2138 3849 Plutarchus
2176 3776 2235 3848 si
2272 3776 2405 3849 hoc
2457 3776 2971 3851 dicere‘volnit
3022 3797 3164 3850 non
3207 3767 3548 3867 intellego

878 3930 1003 3985 cur
1057 3933 1198 3984 non
1259 3912 1542 3986 dixerit.
1691 3910 1876 3986 Nam
1945 3910 2021 3983 οὐ
2074 3919 2429 4012 μαρτυρεῖν
2480 3916 2602 3985 τινί
2642 3939 2701 3984 τι
2766 3936 2906 3988 non
2935 3914 3360 4006 ‘significare
3414 3934 3547 3983 mm

1083 4203 1156 4283 1)
1203 4202 1670 4270 offensionem
1715 4206 2043 4289 praebent
2086 4209 2341 4269 tantum
2380 4206 2579 4269 haec:
2630 4205 2837 4291 ὥσπερ
2882 4203 3051 4293 ἦμεζς
3082 4204 3545 4288 διεληλύθαμεν,

879 4304 1030 4352 cum
1075 4290 1144 4352 in
1194 4290 1752 4373 praecedentibus
1797 4291 1980 4357 illius
2030 4293 2127 4357 rei
2184 4292 2460 4357 omnino
2524 4291 2779 4357 nullam
2834 4296 3249 4356 mentionem
3318 4292 3551 4355 fecerit

879 4374 1296 4443 Plutarchus.
1393 4378 1800 4444 Ponendum.
1845 4379 2077 4462 igitur,
2150 4383 2266 4443 aut
2330 4378 2585 4462 aliquid
2643 4380 2709 4444 in
2760 4378 2901 4443 vita
2942 4376 3384 4461 intercidisse,
3434 4380 3549 4441 aut

876 4460 1258 4548 PlutarchO,
1305 4480 1484 4547 quae
1530 4464 1672 4530 illic
1713 4466 1841 4531 hac
1885 4467 1971 4532 de
2013 4484 2090 4529 re
2136 4472 2565 4549 exposuerat,
2627 4466 2955 4531 memoria
3019 4464 3373 4529 excidisse.
3468 4463 3547 4528 In

879 4547 1178 4614 editione
1243 4550 1704 4617 Reiskiana
1769 4556 1837 4617 et
1905 4551 2348 4618 Didotiana
2413 4552 2759 4618 Plutarchi
2826 4552 2993 4616 haee
3052 4552 3263 4616 verba
3306 4568 3544 4635 parum

877 4640 1062 4700 recte
1105 4636 1436 4702 translata
1479 4644 1656 4704 sunt.

1083 4720 1156 4804 2)
1245 4723 1437 4791 Adeo
1485 4725 1716 4790 Grun
1744 4723 2057 4789 dnerus
2101 4723 2145 4791 l.
2174 4723 2219 4789 l.
2264 4742 2327 4809 p.
2358 4724 2443 4789 29
2486 4724 2753 4790 Prinzio
2797 4723 3142 4806 concedit,
3190 4738 3545 4807 argumen-

877 4811 1020 4875 tum
1066 4808 1232 4875 illud
1277 4828 1414 4876 non
1459 4813 1692 4895 magni
1737 4812 2062 4877 momenti
2106 4829 2281 4877 esse.
2332 4812 2619 4877 Prorsus
2658 4815 2886 4877 autem
2930 4810 3172 4877 eodem
3216 4809 3421 4876 modo
3462 4825 3547 4875 ae

877 4894 1438 4964 Prinziu's·verba
1467 4899 1872 4963 Plutarchea
1915 4915 2129 4983 nuper
2175 4896 2433 4983 accepit
2466 4898 2892 4964 Busoltius
2940 4896 3052 4963 Gr.
3102 4896 3248 4961 Gr.l
3290 4918 3355 4982 p.
3392 4896 3537 4960 521.
