4057 5790
1567 579 2026 648 ...5-

451 817 549 911 11,
609 841 681 911 p.
737 818 837 888 26
895 807 1166 921 Schm.)
1220 817 1517 890 monuit.
1627 815 1753 890 Ad
1801 839 1960 892 eum
2013 839 2089 891 se
2166 819 2478 911 applicat
2532 818 3133 898 Grundnerus

455 954 645 1054 (Quo
697 962 912 1052 temp.
963 962 1036 1030 et
1097 957 1273 1032 duce
1351 955 1520 1028 bell.
1602 954 1865 1031 Salam.
1946 963 2126 1049 gest.
2184 958 2299 1031 sit.
2380 961 2590 1034 lenae
2672 959 2935 1056 1875),
3010 964 3133 1053 qui

453 1097 590 1170 etsi
635 1100 828 1169 recte
883 1095 1162 1188 statuit,
1231 1115 1448 1166 unum
1503 1093 1770 1167 bellum
1827 1102 1900 1169 et
1951 1096 2024 1168 id
2080 1097 2367 1188 quidem
2422 1120 2466 1171 a
2516 1097 2922 1208 Hsistrato,
2990 1123 3135 1174 non

455 1233 844 1329 aSolone,
901 1255 1059 1308 esse
1111 1239 1416 1325 gestum,
1503 1204 1743 1307 tamen
1795 1235 2069 1329 dubito,
2142 1256 2308 1310 num
2383 1235 2513 1329 eiS,
2594 1257 2774 1328 quae
2835 1240 3137 1333 protulit

455 1374 923 1466 argumentiS‚
1011 1372 1337 1463 cuiquam
1415 1375 1841 1448 sententiam
1935 1396 2136 1448 suam
2217 1375 2654 1466 probaturus
2728 1377 2844 1450 sit.
2900 1375 3136 1450 Nimis

452 1511 640 1584 enim
693 1511 837 1584 levi
891 1509 1220 1584 bracchio
1273 1530 1423 1582 rem
1478 1510 1646 1601 egit.

658 1666 836 1740 Post
887 1687 1046 1739 eum
1095 1664 1707 1756 Begemannus
1775 1655 2100 1764 (Q'uaest.
2155 1665 2378 1742 Solon
2414 1666 2507 1741 II.
2554 1667 2831 1761 Regim.
2898 1672 3135 1765 1878)
3176 1637 3181 1642 ’

450 1807 636 1879 idem
688 1806 945 1879 iterum
1004 1805 1492 1877 demonstrare
1539 1810 1834 1878 conatus
1887 1810 2020 1927 est.
2077 1804 2220 1897 Qui
2258 1803 2677 1897 quamquam
2718 1805 3135 1881 Grundneri

457 1943 1244 2020 commentatiunculam
1331 1964 1624 2036 prorsus
1696 1944 2063 2034 ignorasse
2118 1943 2426 2039 videtur,
2500 1944 2692 2018 ultra
2756 1967 2915 2019 eum
2970 1948 3136 2019 novi

453 2085 569 2158 vix
623 2083 868 2157 attulit
921 2082 1333 2172 quidquam.

661 2237 1096 2331 Expressius
1150 2239 1330 2312 hanc
1381 2241 1805 2312 sententiam
1847 2237 1961 2310 his
1999 2238 2442 2338 temporibus
2487 2237 2953 2312 obtinuerunt
2988 2239 3137 2313 Be-

459 2378 864 2451 nedictus
919 2374 1192 2452 Niese
1243 2378 1290 2449 l.
1341 2379 1391 2450 l.
1444 2384 1518 2451 et
1556 2376 2047 2452 Udalricus
2098 2377 2193 2449 de
2236 2373 3136 2456 Wilamowitz·Moel-

459 2514 856 2592 lendorff
919 2514 1192 2614 (Herm.
1274 2519 1378 2589 IX
1430 2539 1498 2609 p.
1557 2517 1728 2592 319.
1831 2513 1970 2587 XII
2025 2537 2093 2606 p.
2150 2515 2320 2587 342.
2408 2515 2737 2608 Kydath.
2800 2537 2868 2608 p.
2928 2517 3133 2604 124).

458 2653 612 2730 Nec
669 2660 902 2730 tamen
963 2655 1250 2750 desunt,
1306 2657 1427 2748 qui
1491 2655 1702 2729 etiam
1753 2655 2126 2747 postmodo
2184 2657 2392 2728 'secus
2448 2655 2856 2748 statuerint,
2912 2655 3137 2728 veluti

461 2792 897 2868 Alfredus
951 2795 1047 2867 de
1105 2792 1447 2869 Gutsch
1473 2759 1632 2867 mid
1689 2788 1970 2891 (Flach,
2026 2791 2286 2867 Gesch.
2349 2793 2417 2866 d.
2476 2790 2762 2865 Griech.
2818 2790 2993 2886 Lyr.
3047 2791 3133 2871 II.

465 2933 689 3027 1854,
743 2956 812 3025 p.
875 2928 1054 3032 365)
1106 2931 1562 3025 Iosephus
1617 2936 1882 3006 Ionas
1940 2930 2089 3024 (De
2146 2928 2410 3006 Solone
2458 2927 2911 3004 Atheniensi.
2980 2930 3138 3006 Mo-

460 3073 760 3145 nasterii
810 3072 1038 3163 1884,
1093 3092 1161 3163 p.
1217 3070 1315 3143 21
1371 3091 1473 3160 sq.
1593 3068 2089 3144 Busoltius
2152 3063 2645 3165 (Griechischo
2710 3065 3136 3145 Geschichte

465 3210 684 3283 1885.
742 3212 773 3281 I
827 3232 896 3303 p.
953 3209 1136 3302 521)
1184 3204 1252 3301 ¹).

664 3361 915 3454 Itaque
972 3381 1127 3436 cum
1180 3363 1545 3435 hominum
1615 3361 1983 3435 doctorum
2056 3363 2430 3455 'opiniones
2512 3362 2719 3437 valde
2800 3363 2991 3437 inter
3060 3384 3138 3437 se

464 3502 830 3578 discedere
885 3502 1272 3589 videamuS,
1332 3510 1591 3594 operae
1647 3500 1953 3574 fortasse
2036 3503 2177 3576 erit
2227 3503 2563 3595 pretium,
2640 3524 2786 3577 rem
2858 3505 3139 3598 saepius

466 3645 974 3733 pertractatam
1028 3640 1286 3713 iterum
1343 3658 1592 3715 vocare
1629 3626 1720 3713 'in
1777 3642 2109 3715 medium.
2227 3639 2473 3733 Atque
2553 3648 2633 3716 ut
2687 3665 2773 3715 ex
2827 3641 3141 3717 fontibus

464 3779 697 3853 denuo
768 3781 1086 3854 excussis
1154 3780 1340 3871 quod
1417 3780 1698 3873 quidem
1779 3782 2094 3855 novitate
2173 3779 2499 3853 renideat
2577 3780 3139 3854 redundaturum

467 3918 654 3992 haud
711 3918 1064 4011 existimo,
1141 3920 1240 3993 ita
1293 3921 1354 3993 si
1404 3921 1543 3993 iam
1597 3920 2000 3996 accuratius
2056 3918 2424 3992 definitum
2491 3918 2729 4007 fuerit,
2797 3942 3141 4011 quaenam

468 4058 654 4131 ratio
711 4059 903 4131 inter
957 4058 1242 4150 singula
1303 4061 1731 4154 scriptorum
1815 4059 2226 4133 testimonia
2278 4058 2696 4145 intercedat,
2776 4060 2989 4133 etiam
3044 4081 3190 4132 res

466 4218 620 4269 rum
642 4196 848 4269 fidem
876 4198 1164 4291 certiuS,
1197 4217 1407 4288 quam
1445 4197 1673 4273 adhuc
1703 4197 1930 4291 licuit,
1963 4197 2338 4273 diiudicari
2378 4219 2612 4291 posse,
2650 4220 2791 4271 non
2822 4199 3145 4294 despero.

675 4325 994 4425 Primum
1055 4355 1222 4446 quid
1279 4358 1560 4427 veteres
1616 4355 1754 4446 ipsi
1809 4354 1895 4427 de
1952 4351 2237 4427 Solonis
2287 4353 2460 4427 belli
2511 4351 2882 4428 Salaminii
2935 4353 3145 4426 admi-

673 4642 746 4723 1)
793 4638 926 4727 Qui
969 4642 1142 4709 liber
1189 4644 1760 4709 commentatione
1825 4645 1949 4709 hac
2017 4644 2153 4707 iam
2224 4644 2529 4709 confecta
2594 4646 2661 4708 in
2711 4650 3143 4728 conspectum

469 4730 740 4795 demum
789 4729 1034 4794 cecidit
1077 4750 1325 4795 meum.
1401 4729 1714 4795 Attamen
1762 4732 1830 4794 in
1873 4733 2019 4815 ipsa
2064 4730 2425 4796 verborum
2457 4732 2629 4795 serie
2662 4750 2780 4797 our
2824 4740 3144 4796 mutarem

472 4817 837 4901 quidquam
875 4834 1008 4881 non
1045 4817 1272 4881 habui.
1325 4815 1663 4883 Reicietur
1689 4818 1909 4883 obiter
1943 4818 2278 4882 contraria
2313 4816 2621 4883 Buisoltii
2668 4819 2999 4883 sententia
3031 4837 3151 4901 per

472 4904 964 4968 adnotationes,
1016 4902 1206 4968 Idem
1259 4903 1440 4968 valet
1474 4904 1556 4967 de
1587 4904 1644 4967 H
1666 4904 1927 4970 olmio
1955 4903 2421 4985 (Griechische
2454 4904 2877 4971 Geschichte.
2926 4904 3144 4969 Berlin

470 4990 662 5054 1886.
710 4988 741 5053 I
784 5009 850 5072 p.
898 4990 1078 5073 481),
1133 4991 1247 5072 qui
1296 4990 1599 5054 eiusdem
1658 4994 1936 5056 canonis
1985 4991 2394 5056 novissimus
2444 4993 2699 5055 exstit-it
2758 4990 3034 5054 vindex.
