4057 5790
2016 564 2482 636 ...3-

907 799 1181 896 Soloni,
1245 803 1333 876 de
1381 824 1520 895 qno
1576 803 1795 878 verba
1847 802 2035 890 fecit,
2123 804 2515 901 vindicare.
2653 803 2905 877 Totum
2956 803 3176 892 igitur
3228 799 3576 890 Polyaeni

901 940 1386 1016 testimonium
1439 963 1568 1035 per
1621 964 1698 1016 se
1754 965 1896 1016 non
1953 944 2153 1016 flocci
2202 943 2657 1035 pendendum
2714 950 2848 1017 est.

1108 1081 1377 1171 Itaque,
1438 1082 1769 1173 quoniam
1836 1082 2076 1156 brevis
2132 1083 2415 1174 imperii
2469 1079 2757 1156 Solonis
2812 1082 3382 1156 commemoratio
3437 1079 3576 1154 Ae·

902 1217 1138 1293 lianea
1191 1242 1280 1292 ex
1330 1221 1577 1295 eodem
1633 1228 1844 1313 atque
1894 1220 2265 1295 Plutarchi
2317 1221 2545 1294 altera
2622 1221 2940 1294 narratio
3006 1218 3197 1298 fonte
3266 1220 3579 1294 delibata

904 1364 1036 1462 est,
1120 1359 1388 1433 nullius
1478 1361 1616 1433 nisi
1691 1359 2061 1434 Plutarchi
2141 1359 2623 1434 testimonium
2695 1360 2829 1432 iam
2904 1359 3358 1451 relinquitur.
3469 1358 3578 1430 Ab

905 1471 1228 1570 omnibus
1312 1498 1608 1588 reliquis
1672 1499 2143 1592 scriptoribus
2200 1497 2372 1574 Solo
2427 1499 2733 1572 habetur
2786 1499 2873 1587 is,
2958 1500 3077 1591 qui
3139 1498 3389 1573 civium
3438 1497 3579 1569 ani-

903 1655 1052 1708 mos
1109 1636 1595 1731 concitaverit,
1651 1659 1821 1733 non,
1876 1639 1996 1728 qui
2054 1639 2121 1710 vi
2170 1643 2244 1710 et
2296 1638 2512 1711 armis
2565 1636 2829 1710 bellum
2888 1634 3271 1711 confecerit
3322 1637 3496 1730 ipse.
3538 1630 3580 1731 Ι)

1110 1773 1494 1850 Plutarchi
1541 1777 1763 1888 igitur
1815 1775 2209 1848 narrationi
2268 1795 2615 1865 quaenam
2658 1775 2836 1856 fides
2890 1773 3221 1847 habenda
3272 1775 3388 1866 sit,
3466 1793 3580 1844 ex·

907 1912 1328 2003 plorandum
1387 1921 1519 1987 est.
1631 1915 1860 2008 Quam
1916 1915 1978 1987 si
2031 1913 2299 1987 nullam
2356 1915 2421 1987 ei
2475 1934 2631 1986 esse
2686 1912 3180 1987 vindicandam
3233 1909 3585 1984 inveneri-

907 2071 1083 2138 mus.
1145 2050 1233 2123 de
1269 2031 1565 2125 'Solonis
1611 2071 1888 2143 quoque
1938 2052 2067 2124 illo
2122 2051 2423 2144 imperio
2480 2069 2680 2125 secus
2735 2051 2874 2123 erit
2922 2051 3402 2125 statuendum.

1111 2188 1544 2265 Plutarchus
1592 2191 1768 2264 duas
1823 2189 2210 2263 relationes
2265 2191 2574 2277 exhibet,
2628 2191 2820 2263 inter
2862 2211 3037 2280 quas
3067 2189 3269 2284 nulla
3298 2188 3583 2262 omnino

907 2328 1290 2403 intercedit
1316 2330 1524 2406 ratio.
1633 2326 1993 2402 Converto
2044 2350 2152 2401 me
2209 2329 2434 2421 primo
2490 2329 2577 2402 ad
2634 2329 2958 2422 alteram,
2997 2329 3197 2403 cuius
3226 2327 3399 2402 haec
3436 2324 3584 2399 fere

909 2471 1021 2538 est
1049 2488 1351 2540 summa:
1407 2464 1589 2542 -Solo
1620 2467 1894 2541 oraculi
1932 2466 2261 2562 Delphici
2293 2467 2490 2539 iussu
2516 2473 2891 2558 postquam
2919 2467 3258 2541 heroibus
3291 2463 3586 2540 Salami-

913 2603 1050 2676 niis
1079 2625 1280 2679 sacra
1308 2603 1496 2700 fecit,
1526 2625 1678 2680 cum
1711 2607 2119 2698 quingentis
2149 2605 2574 2680 voluntariis
2609 2627 2747 2678 una
2795 2606 2958 2679 navi
2997 2606 3275 2679 triremi
3317 2604 3586 2677 multis-

910 2763 1046 2833 que
1122 2745 1422 2835 navigiis
1480 2743 1846 2820 Salamina
1912 2747 2221 2820 vehitur.
2361 2744 2828 2836 Megarenses
2888 2745 2974 2817 de
3028 2744 3153 2818 hac
3208 2765 3284 2816 re
3340 2744 3585 2817 certio·

911 2901 1026 2953 res
1072 2879 1243 2955 facti
1297 2906 1552 2958 navem
1599 2885 1891 2958 mittunt
1945 2885 2414 2977 exploratum.
2507 2884 2743 2976 Quam
2774 2888 3056 2976 captam
3086 2880 3261 2957 Solo
3291 2880 3586 2955 fortissi-

794 3078 803 3083 -
912 3020 1044 3093 mis
1101 3022 1660 3098 Atheniensibus
1716 3024 2022 3116 complet
2072 3045 2332 3114 eosque
2380 3024 2484 3097 'ad
2537 3024 2787 3097 urbem
2834 3022 2995 3096 vehi
3071 3022 3291 3096 iubet.
3424 2994 3586 3112 ipse

1481 3216 1536 3223 -ς-

1117 3314 1190 3395 1)
1281 3315 1812 3399 Begemanno
1881 3315 2154 3398 quidem
2214 3314 2559 3378 Salamina
2624 3314 2767 3397 ipso
2828 3311 3073 3377 Solone
3139 3310 3311 3375 duce
3380 3329 3587 3395 expu-

921 3404 1195 3479 gnatam
1265 3420 1411 3465 esse
1498 3402 1698 3467 etiam
1769 3402 2179 3487 Diogenis
2240 3401 2565 3465 Laertii
2636 3400 3015 3464 testimonio
3107 3399 3585 3481 comprobatur

913 3484 1230 3567 (Quaest.
1275 3487 1502 3554 Solon.
1553 3490 1603 3570 1,
1658 3510 1720 3571 p.
1771 3488 1910 3568 10).
2009 3490 2095 3552 At
2140 3488 2502 3570 Diogenes,
2565 3487 2679 3570 qui
2728 3486 3041 3551 omnibus
3087 3486 3168 3547 iis
3212 3484 3401 3569 locis,
3442 3486 3585 3568 qui-

917 3574 1042 3635 bus
1110 3593 1262 3639 cum
1332 3575 1690 3640 Plutarcho
1757 3577 2108 3657 consentit,
2185 3576 2360 3639 sicut
2424 3574 2541 3637 ille
2587 3574 3121 3656 Hermippum
3185 3572 3587 3655 compilasse

923 3658 1214 3743 videtur,
1268 3661 1352 3725 de
1400 3662 1577 3727 bello
1610 3659 1980 3727 Salaminio
2025 3663 2271 3725 mirum
2320 3678 2523 3745 quam
2574 3664 2675 3723 est
2720 3658 3018 3742 parcusI
3070 3653 3115 3743 ξ
3145 3658 3261 3721 46ε
3318 3656 3585 3739 (Σόλων)

916 3748 1259 3827 μαίνεσθαι
1321 3747 1889 3833 προσποιησάμενος
1935 3797 1950 3814 .
1991 3796 2007 3814 .
2041 3796 2059 3813 .
2104 3746 2334 3829 α’νέγνω
2400 3748 2503 3809 διὰ
2560 3744 2809 3827 κήρυκος
2869 3748 2945 3807 τὰ
3013 3747 3388 3807 συντείνοντα
3450 3746 3589 3826 περὶ

918 3833 1264 3916 Σαλαμῖνος
1309 3834 1540 3917 ἐλεγεῖα
1585 3841 1686 3899 καὶ
1729 3834 2133 3921 παρώρμησεν
2190 3828 2420 3909 abzoae.
2483 3837 2588 3895 καὶ
2646 3827 2829 3907 αὖθις
2882 3832 3033 3915 πρὸς
3086 3832 3221 3905 τοὺς
3266 3832 3592 3913 Μεγαρέας

919 3916 1301 4001 ἐπολέμησαν
1341 3926 1444 3984 καὶ
1489 3920 1698 3993 ἐνίκων
1745 3923 1850 3985 διά
1895 3920 2169 3985 Σόλωνα.
2289 3920 2627 3983 Extremis
2696 3919 2799 3981 his
2869 3917 3091 3981 verbis
3134 3916 3415 3979 indicari
3462 3914 3589 3979 sibi

921 4008 1254 4087 persuasit
1325 4008 1816 4088 Begemannus,
1885 4006 2203 4072 Solonem
2274 4006 2479 4090 ipsius
2554 4004 2709 4069 belli
2768 4004 2976 4067 fuisse
3042 4004 3389 4067 ducem.
3502 4002 3591 4065 At

919 4092 1167 4155 iniuria
1197 4092 1313 4156 ille
1346 4094 1638 4176 quidem.
1735 4094 2150 4176 Repugnant
2193 4094 2335 4157 eius
2380 4092 2753 4157 sententiae
2799 4092 2993 4173 ipsae
3030 4091 3325 4155 rationes
3368 4107 3588 4171 gram-

925 4180 1236 4260 maticae,
1274 4200 1424 4245 cum
1471 4179 1680 4244 ἐνίκων
1710 4182 1816 4244 διὰ
1846 4179 2100 4245 Σόλωνα
2130 4180 2485 4262 significet,
2524 4179 2764 4243 vicisse
2786 4178 3225 4241 Athenienses
3257 4180 3590 4257 propter

919 4264 1264 4345 Solonem,
1345 4268 1620 4330 minime
1677 4283 1837 4332 vero
1884 4286 1963 4331 eo
2011 4267 2201 4331 duce.
2328 4264 2595 4349 Quippe
2653 4270 2956 4349 spectant
3028 4262 3350 4343 Diogenis
3422 4264 3593 4325 haec
3718 4256 3725 4264 “

926 4351 1132 4415 verba
1179 4369 1310 4416 non
1361 4354 1487 4416 nisi
1533 4355 1616 4416 ad
1667 4372 1902 4417 versus
1925 4354 2079 4418 illos
2106 4352 2467 4436 elegiacos,
2514 4352 2757 4434 quibus
2791 4349 2948 4414 Solo
2981 4351 3160 4414 cives
3207 4348 3288 4412 ad
3340 4346 3587 4411 bellum

923 4438 1365 4503 concitavisse
1431 4442 1662 4505 fertur.
1774 4440 1927 4503 Fuit
1995 4442 2313 4521 Diogenis
2384 4444 2616 4503 auctor
2672 4440 2737 4501 in
2788 4438 2913 4500 hac
2958 4441 3146 4520 parte
3192 4440 3373 4499 certe
3418 4434 3590 4498 alius

920 4528 1124 4606 atque
1167 4527 1251 4607 is,
1300 4544 1500 4609 quem
1548 4533 1817 4591 secutus
1866 4531 1968 4591 est
2009 4527 2431 4591 PlutarchnS.
2545 4525 2687 4589 Nec
2734 4525 2954 4587 minus
3015 4540 3190 4605 quae
3236 4520 3459 4585 Valer.
3510 4520 3592 4583 M.

923 4610 1001 4687 V,
1055 4612 1093 4673 3
1119 4609 1268 4676 Ext.
1300 4614 1362 4689 3,
1413 4612 1523 4677 Ps.
1564 4613 1912 4678 Demosth.
1948 4613 2199 4678 Erotio.
2241 4614 2323 4676 49
2368 4630 2467 4695 sq.
2516 4612 2628 4674 alii
2674 4613 2958 4675 seriores
3006 4610 3072 4672 in
3104 4608 3421 4672 Solonem
3456 4606 3593 4670 lau·

920 4696 1118 4761 dibus
1167 4699 1582 4764 efferendum
1635 4707 2141 4782 congesserunt,
2220 4717 2305 4763 ex
2375 4700 2521 4781 ipsa
2586 4700 2729 4762 eius
2805 4695 3022 4778 elegia
3082 4694 3375 4758 deducta
3420 4699 3591 4757 sunt.

926 4782 1126 4866 Quod
1222 4786 1513 4851 uomodo
1560 4789 1812 4851 factum
1858 4790 1966 4869 sit,
2034 4786 2287 4870 optime
2330 4785 2473 4849 Pol
2490 4803 2645 4866 yae
2668 4785 2738 4848 ni
2801 4782 3182 4846 testimonio
3225 4781 3597 4845 illustratur

919 4871 971 4934 Ῑ.
1022 4870 1130 4951 20,
1253 4875 1327 4936 1:
1381 4871 1596 4937 Σόλων
1638 4876 1706 4938 δὲ
1747 4871 1913 4957 μα’λα
1957 4870 2361 4956 ἐθαυμάζετο,
2407 4876 2509 4934 καὶ
2554 4872 2657 4934 τὸν
2694 4867 2879 4953 νόμον
2922 4866 3105 4943 λύσας
3150 4871 3223 4961 τῇ
3264 4871 3451 4955 μανίᾳ
3496 4871 3597 4930 καὶ

919 4959 1022 5021 τὸν
1065 4955 1411 5041 πόλεμον
1473 4960 1794 5040 νικήσας
1852 4963 1922 5053 τῇ
1979 4964 2321 5051 μουσικῇ.
