4057 5790
1985 487 2497 557 ...55-

907 727 1088 796 mina
1119 697 1617 798 ¹Atlzem'ewsium
1667 729 1922 818 factam
1981 751 2107 818 csse
2186 687 2575 822 perhibet,'
2624 701 2877 802 nomen
2956 726 3231 821 profert
3284 728 3581 802 nullum.

909 864 1139 956 Quam
1192 886 1340 937 rem
1397 885 1536 938 non
1609 883 2251 959 commemorarem,
2333 867 2469 939 nisi
2548 887 2842 960 prorsus
2914 843 3375 940 convenirent
3426 884 3577 939 cum
3678 831 3683 842 ’

909 1023 1016 1086 ea,
1095 1023 1276 1094 quae
1345 1001 1848 1076 Pausanias
1904 1000 2389 1077 Athenienses
2458 1003 2751 1099 ipsos
2836 1004 2923 1076 de
3006 1002 3393 1078 Salaminis
3468 1024 3587 1076 ex-

910 1141 1344 1232 pugnatione
1396 1141 1798 1214 narravisse
1854 1142 2101 1215 tradit.
2122 1136 2181 1234 ¹)
2274 1139 2417 1216 Sed
2471 1163 2585 1214 ne·
2616 1141 2731 1215 hic
2768 1141 3053 1233 quidem
3092 1140 3365 1216 facinus
3401 1140 3580 1214 illud

909 1278 1335 1353 vindicatum
1383 1284 1496 1352 est
1549 1280 1894 1371 cuiquam.
1991 1259 1998 1273 ”

1120 1416 1319 1509 Quae
1372 1439 1525 1494 cum
1578 1420 1682 1491 ita
1733 1421 1879 1524 sint
1911 1418 2102 1498 haud
2158 1419 2300 1492 scio
2350 1440 2437 1491 an
2496 1417 2904 1492 testimonio
2960 1416 3287 1510 quodam,
3344 1417 3437 1488 ab
3474 1437 3583 1490 eo·
3634 1477 3639 1480 .

914 1555 1072 1628 dem
1126 1553 1502 1630 Pausania
1555 1563 1860 1650 servato,
1916 1562 1991 1631 et
2044 1577 2159 1630 res
2203 1557 2361 1649 ipsa
2414 1562 2486 1629 et
2540 1556 2906 1630 mirificum
2962 1554 3143 1627 illud
3192 1552 3583 1628 Athenien-

913 1692 1092 1766 sium
1123 1694 1968 1786 silentium‘aliquomodo
1999 1695 2431 1768 illustretur.
2512 1693 3018 1768 Pausanias
3056 1692 3112 1766 Ι.
3160 1695 3333 1786 40,5
3366 1690 3583 1764 Athe-

912 1831 1262 1906 niensium
1307 1833 1708 1908 narrationi
1751 1833 1936 1906 hane
2003 1809 2694 1926 Megarensium
2762 1833 3171 1906 memoriam
3257 1831 3581 1926 opponit:
3685 1833 3693 1836 ’

911 1963 1336 2068 Μεγαρεῖς
1406 1970 1481 2042 δὲ
1547 1971 1736 2070 παρὰ
1789 1980 1978 2069 σφῶν
2061 1972 2362 2067 λέγουσιν
2445 1969 2691 2070 ἄνδρας
2771 1968 3093 2069 φυγάδας,
3184 1967 3298 2045 οὓς
3374 1965 3585 2066 Δορυ-

909 2107 1162 2185 κλείους
1181 2107 1244 2206 ²)
1305 2109 1748 2205 ὀνομάζουσιν,
1823 2097 2259 2207 ἀφικομένους
2322 2109 2511 2208 παρὰ
2577 2109 2728 2187 τοὺς
2781 2109 2850 2180 ἐν
2905 2106 3237 2201 Σαλαμῖνι
3284 2106 3576 2206 κληρού-

910 2267 1072 2340 χους
1123 2246 1582 2344 προδοῦναι
1629 2246 2077 2343 Σαλαμῖνα
2120 2241 2660 2346 Ἀθηναίοις.
2742 2248 2852 2322 Ex
2900 2249 3031 2322 hac
3083 2248 3306 2337 igitur
3343 2267 3581 2320 narra-

907 2385 1102 2458 tione
1180 2383 1462 2478 profugi
1513 2385 1986 2478 Megarenses
2053 2385 2423 2462 Salamina
2496 2393 2851 2460 venerunt
2902 2385 2989 2458 ad
3063 2383 3578 2475 Megarensium

849 2579 856 2606 .
906 2521 1264 2614 agripetas
1291 2529 1364 2598 et
1393 2547 1533 2598 una
1557 2544 1712 2599 cum
1749 2527 1862 2600 his
1893 2525 2199 2600 insulam
2229 2524 2796 2599 Atheniensibus
2818 2523 3307 2620 prodiderunt.
3353 2522 3582 2614 Quam

907 2659 1532 2753 Megarensium
1617 2666 2102 2740 narrationem
2161 2664 2555 2739 Pausanias
2620 2665 2944 2737 obtendit
3018 2663 3419 2753 divulgatae
3474 2659 3583 2732 illi

910 2799 1589 2875 Atheniensium
1663 2804 2001 2894 opinioni,
2086 2805 2344 2899 quippe
2415 2804 2536 2894 qui
2586 2801 2971 2889 Salamina,
3054 2820 3233 2893 quae
3280 2795 3446 2873 inde
3494 2797 3584 2871 ab

907 2939 1418 3029 antiquissimis
1466 2944 1904 3037 temporibus
1959 2942 2529 3016 Atheniensium
2586 2941 2866 3037 fuisset,
2946 2940 3380 3032 aliquamdiu
3435 2934 3586 3011 Me-

906 3079 1323 3168 garensibus
1379 3100 1803 3166 concessam,
1880 3082 2072 3155 bello
2135 3102 2387 3172 rursus
2458 3082 2549 3155 ab
2629 3081 2807 3173 ipsis
2886 3083 3371 3171 recuperatam
3428 3096 3586 3149 esse

913 3214 1327 3290 dictitarint.
1403 3216 1550 3292 Sed
1579 3219 2092 3294 Atheniens
2118 3221 2286 3294 ium
2327 3222 2506 3295 haec
2556 3220 2897 3294 memoria
2935 3216 3313 3293 manifesta
3343 3216 3588 3291 confic-

907 3354 1126 3427 tionis
1179 3356 1482 3447 vestigia
1534 3378 1712 3451 prae
1767 3382 1844 3432 se
1895 3358 2067 3432 fert.
2177 3354 2643 3451 Relinquitur
2720 3360 2941 3450 igitur
3017 3358 3155 3429 nisi
3219 3356 3317 3449 id,
3402 3354 3587 3446 quod

915 3490 1042 3565 Me
1059 3514 1313 3583 garen
1335 3476 1472 3567 sib
1492 3518 1585 3569 us
1623 3498 1933 3570 vindicat
1963 3496 2397 3592 Pausania3‚-
2427 3500 2565 3571 iam
2597 3498 2873 3571 nullum
2904 3498 2991 3570 de
3023 3497 3178 3592 ipsa
3206 3490 3588 3569 Salaminis

913 3633 1373 3723 occupatione
1405 3636 1912 3709 testimonium.
1991 3636 2479 3711 Athenienses
2518 3636 2895 3729 probabile
2938 3635 3346 3725 quidquam,
3402 3632 3589 3723 quod

933 3848 1039 3859 ---.-
1066 3856 1080 3859 -
1109 3856 1287 3863 ---.,..

1122 3988 1191 4068 1)
1293 3988 1689 4057 Tenendum
1739 3998 1838 4059 est
1884 3996 2393 4059 Pausaniam
2452 3993 2563 4060 hie
2626 3997 2837 4081 ipsam
2892 3995 3399 4061 Atheniensium
3455 4012 3587 4058 me-

923 4076 1202 4141 moriam
1252 4078 1590 4143 exhibere.
2048 4096 2051 4101 ·

1269 4181 1466 4247 Paua.
1505 4183 1563 4247 Ι.
1597 4185 1704 4265 40,
1734 4187 1799 4248 5.
2748 4187 2987 4251 lustin.
3016 4188 3103 4271 11,
3132 4186 3194 4253 7.

920 4269 1288 4346 καταστῆναι
1343 4270 1412 4331 δὲ
1463 4268 1564 4332 ἐπὶ
1623 4270 1854 4347 τούτοις
1911 4270 2155 4353 εἷςᾶμ-
2365 4278 2439 4338 ut
2470 4274 2809 4356 extemplo
2836 4273 3088 4338 bellum
3114 4275 3437 4338 adversus
3456 4272 3589 4337 Me'·

921 4351 1278 4441 φισβὴτησιγ
1299 4352 1628 4434 Ἀθηναῖοι
1659 4355 2060 4441 κρατήσαντες
2090 4358 2159 4419 δὲ·
2362 4377 2681 4443 gerenses
2719 4361 3195 4426 decerneretur
3238 4360 3591 4443 insulaque

921 4442 1166 4527 πολέμῳ
1217 4435 1533 4523 Σαλαμῖνα
1579 4438 1764 4518 αὖθις
1807 4442 1984 4526 ἔχειν.
2366 4448 2645 4511 devictis
2714 4449 3019 4514 hostibus
3082 4448 3591 4512 Atheniensium

2366 4535 2572 4598 fieret.

1126 4627 1198 4711 2)
1287 4628 1548 4695 Nomen
1596 4632 1949 4718 Δορόκλειοι
1995 4634 2159 4701 alibi
2205 4654 2338 4700 non
2385 4638 2747 4704 invenitur.
2842 4639 3018 4705 Fieri
3050 4644 3291 4723 potest,
3326 4638 3591 4703 utinter

924 4732 1042 4779 eos
1087 4722 1158 4778 et
1199 4733 1368 4799 quos
1411 4734 1452 4778 a
1485 4716 1992 4799 Megarensibus
2025 4723 2373 4805 δορυξένους
2416 4724 2738 4809 adpellari
2770 4724 3274 4790 Plutarchus
3311 4722 3585 4806 Quaest.

925 4800 1046 4865 Gr.
1094 4820 1156 4867 e.
1195 4801 1278 4867 17
1321 4804 1522 4867 refert
1566 4807 1740 4871 ratio
1781 4807 2009 4889 aliqua
2056 4808 2531 4882 intercesserit.
2612 4810 2764 4895 Ἐφ.
2800 4809 2961 4896 Ἀρχ.
2995 4813 3157 4876 1884
3186 4830 3249 4895 p.
3275 4813 3399 4875 169
3426 4830 3485 4875 v.
3510 4812 3585 4873 51

925 4895 1527 4957 commemoratur:
1574 4890 1848 4974 τ]ἐμει·ος
1882 4892 2163 4974 Ἀθηνᾶς
2215 4895 2585 4981 [Λ]αμτρᾶσι
2628 4900 2695 4961 rb
2740 4896 3056 4981 λεγόμενον
3110 4896 3589 4982 Δορῦκλειον.
