4057 5790
1939 545 2501 616 *126-

879 781 1254 877 pedienda‚
1328 791 1408 858 ut
1485 783 1666 856 Ber
1683 783 1895 874 gkio
1963 785 2318 874 quondam
2398 783 2623 856 visum
2670 789 2783 857 est
2846 781 3009 879 (Grr.
3064 779 3209 856 Lit.
3264 783 3353 858 Gr.
3402 783 3433 857 1
3481 808 3549 878 p.

879 925 1077 994 448:
1163 923 1338 1008 ,Der
1391 923 1608 996 dritte
1659 921 1917 997 Unfall
1960 921 2143 994 trifft
2194 923 2391 996 seine
2450 913 2901 1027 Sohne.‘)¹)
2958 924 3383 1006 Innotuerat
3431 923 3553 998 ho-

871 1062 1048 1134 mini
1101 1061 1444 1134 historiae
1498 1062 1827 1154 imperito
1881 1059 2187 1134 fortasse
2244 1061 2510 1152 aliquid
2568 1062 2654 1134 de
2712 1067 3069 1152 postrema
3122 1062 3249 1134 illa
3314 1070 3549 1152 tyran-

875 1221 1128 1273 norum
1204 1201 1596 1292 exactione,
1675 1220 1882 1291 quam
1963 1206 2230 1272 temere
2302 1199 2551 1272 retulit
2599 1199 2723 1272 ille
2774 1200 2863 1272 ad
2920 1199 3549 1274 Pisistratum

874 1346 1170 1436 patrem.
1307 1337 1614 1412 Omnino
1694 1340 1918 1430 patris
1986 1347 2061 1412 et
2138 1339 2444 1411 filiorum
2524 1360 2637 1411 res
2710 1338 2898 1410 haud
2979 1359 3141 1411 raro
3202 1340 3402 1412 inter
3470 1361 3547 1413 se

875 1479 1290 1555 commixtae
1328 1485 1519 1570 sunt,
1572 1479 1646 1550 id
1683 1479 1870 1569 quod
1909 1477 2131 1568 probe
2186 1477 2594 1550 illustratur
2643 1476 2857 1549 variis
2914 1476 3337 1570 scriptorum
3393 1499 3551 1569 pos·

875 1621 1216 1692 teriorum
1272 1617 1718 1690 testimoniis.

1081 1755 1231 1833 Iam
1287 1761 1579 1828 transeo
1633 1754 1722 1825 ad
1776 1756 2106 1845 alterum,
2164 1754 2354 1845 quod
2410 1751 2745 1844 Ungerus
2802 1755 3122 1846 protulit,
3181 1776 3549 1846 argumen-

873 1900 1050 1968 tum.
1117 1897 1556 1968 Isocrates
1599 1917 1670 1962 π.
1723 1896 1859 1962 τοῦ
1917 1891 2263 1986 Εεῦγους
2318 1914 2376 1968 c.
2416 1895 2545 1966 10:
2610 1892 3093 1996 τετταράκοντα
3148 1887 3197 1963 δ’
3260 1889 3379 1989 ἔτη
3425 1898 3549 1988 ’τῆς

873 2033 1171 2107 στάσεως
1242 2031 1601 2127 γενομένης
1679 2029 1807 2100 ὑπὸ
1879 2029 1998 2124 μὲν
2068 2031 2397 2128 τυράννων
2462 2029 2757 2127 τοσούτῳ
2815 2029 3066 2124 μᾶλλον
3136 2039 3269 2100 τῶν
3324 2027 3545 2100 ἄλλων

873 2165 1315 2266 ἐμισήθησαν,
1364 2162 1524 2240 ὥσθ’
1570 2170 1771 2239 ὁπότε
1823 2167 2136 2239 τάκείνων
2189 2169 2587 2266 κρατήσαιεν
2644 2168 2719 2238 οὐ
2769 2171 2965 2263 μόνον
3021 2169 3136 2245 τὰς
3175 2170 3380 2246 οἰκίας
3416 2168 3543 2240 αὐ-

873 2315 1006 2377 τῶν
1077 2307 1549 2390 κατέσκαπτον,
1618 2306 1791 2379 ἀλλὰ
1863 2307 1974 2378 καὶ
2037 2307 2189 2384 τοὺς
2259 2309 2508 2404 τάφους
2580 2307 2973 2404 ἀνώρυττον,
3056 2306 3181 2378 ὑπὸ
3264 2305 3338 2377 δὲ
3412 2317 3544 2378 τῶν

871 2444 1322 2542 συμφυγάδων
1378 2445 1552 2516 οὕτω
1583 2441 1814 2542 σφόδρ’
1841 2442 2355 2543 ἐπιστεύθησαν,
2404 2444 2571 2517 ὥσθ’
2604 2446 2873 2517 ἅπαντα
2899 2451 3125 2517 τοῦτον
3161 2445 3271 2515 τὸν
3306 2446 3542 2543 χρόνον

873 2584 1232 2682 ἠγοῦμενοι
1264 2590 1378 2656 τοῦ
1417 2583 1631 2683 δήμου
1669 2583 2066 2655 διετέλεσαν.
2117 2583 2229 2656 En
2269 2607 2449 2676 quae
2487 2583 2737 2676 Unge
2762 2607 2915 2658 rus
2950 2584 3114 2659 hinc
3149 2584 3539 2658 concludit:

875 2721 986 2795 Ex
1038 2712 1276 2797 verbis
1341 2725 1541 2794 ὁπότε
1599 2724 1996 2822 κρατήσαιεν
2052 2725 2504 2797 κατέσκαπτον
2577 2723 2687 2794 καὶ
2744 2722 3115 2822 ἀνώρυττον
3170 2723 3541 2816 adparere,

869 2861 1408 2937 Alcmaeonidas
1469 2863 1856 2937 identidem
1923 2885 2154 2955 poena
2207 2864 2336 2936 illa
2388 2861 2701 2940 adfectos
2756 2883 2937 2936 esse.
3040 2861 3250 2954 Quod
3308 2862 3535 2955 primo

867 2998 1233 3073 Pisistrati
1313 3001 1612 3093 imperio
1695 3002 1811 3073 vix
1888 3004 2205 3093 potuisse
2288 3002 2483 3095 fieri,
2546 2986 2720 3076 'eum
2792 3000 3297 3074 Herodotus
3378 3022 3535 3073 eum

868 3145 1020 3211 tum
1092 3139 1394 3211 maxima
1463 3138 1836 3212 clementia
1896 3161 2105 3212 usum
2174 3162 2330 3212 esse
2402 3139 2868 3231 perhibuerit.
2989 3138 3299 3211 Alteram
3370 3160 3537 3211 vero

874 3276 1322 3370 tyrannidem
1399 3274 1859 3348 Pisistratum
1910 3298 2041 3367 per
2088 3278 2281 3368 ipsos
2346 3276 2893 3351 Alcmaeonidas
2959 3277 3293 3369 adeptum
3348 3298 3532 3349 esse.

869 3414 1120 3506 Itaque
1175 3416 1388 3488 tertio
1441 3414 1719 3487 demum
1771 3414 2140 3487 Pisistrati
2190 3416 2489 3506 imperio
2526 3417 2829 3507 primum
2868 3437 3168 3513 poenam
3206 3416 3412 3488 istam
3448 3414 3535 3487 de

872 3552 1400 3627 Alcmaeonidis
1455 3555 1774 3645 potuisse
1831 3555 2006 3644 capi.
2108 3552 2255 3625 Iam
2304 3576 2472 3627 vero
2554 3576 2709 3629 cum
2766 3555 2967 3625 ὁπότε
3019 3552 3331 3624 τάκείνων
3384 3576 3540 3650 κρα-

867 3692 1136 3789 τήσαιεν
1195 3693 1280 3764 id·
1316 3691 1578 3767 factum
1633 3714 1788 3764 esse
1828 3692 2212 3765 tradiderit
2251 3692 2619 3787 IsocrateS‚
2657 3699 2823 3786 post
2852 3694 3139 3765 tertiam
3177 3691 3540 3764 Pisistrati

873 3832 1321 3924 tyrannidem
1371 3832 1769 3903 necessario
1820 3829 1935 3902 vel
1991 3851 2233 3919 unum,
2282 3850 2419 3919 quo
2456 3851 2688 3921 poena
2722 3831 2860 3903 ista
2896 3830 3202 3921 repetita
3249 3828 3367 3920 sit,
3418 3828 3540 3898 im-

869 3970 1146 4061 perium
1201 3990 1356 4041 esse
1415 3968 1891 4042 statuendum.

1071 4106 1177 4180 At
1223 4113 1303 4178 ut
1356 4104 1694 4198 Ungerus
1745 4107 2033 4179 omnino
2086 4108 2524 4179 Isocratis
2576 4106 2969 4178 narrationi
3007 4105 3289 4178 nimiam
3342 4103 3537 4176 attri-

867 4246 1104 4319 buisse
1147 4246 1428 4319 videtur
1463 4246 1980 4336 auctoritatem,
2034 4246 2137 4317 ita
2182 4266 2270 4316 ne
2322 4244 2474 4316 eius
2524 4245 3213 4335 argumentationem
3251 4242 3531 4333 quidem

757 4413 764 4421 ·
868 4384 1106 4459 facere
1201 4406 1487 4476 possum
1567 4390 1647 4456 ut
1725 4383 2199 4483 comprobem.
2354 4379 2691 4471 Ungerus
2786 4386 2936 4454 cum
3017 4382 3537 4453 demonstraret

865 4523 1016 4613 ipse
1069 4517 1164 4617 (p.
1199 4518 1376 4618 384)
1413 4520 1750 4596 Isocratis
1805 4522 2024 4593 verba
2084 4520 2325 4590 ὁπότε
2374 4517 2685 4588 τάκείνων
2721 4519 3116 4617 κρατήσαιεν
3152 4517 3537 4587 κατέσκαπ-

1077 4864 1138 4939 1)
1186 4864 1342 4947 Ipsa
1417 4864 1918 4948 epigrammatis
1981 4862 2191 4926 verba
2238 4864 2597 4946 quominus
2646 4860 2715 4924 id
2762 4876 3107 4925 sumamus
3155 4876 3266 4925 me
3312 4860 3535 4925 iudice

863 4952 1140 5018 minime
1186 4952 1499 5018 obstant:
1549 4950 1937 5035 Ungerus
1985 4949 2027 5013 l.
2062 4948 2107 5013 1.
2158 4969 2219 5033 p.
2272 4949 2399 5012 383
2443 4950 2599 5015 adn.
