4057 5790
1577 625 1669 638 -...
1787 581 1886 656 69
2003 625 2099 634 -.-

487 837 562 910 111
609 837 854 914 lescha
892 821 1250 932 Delphica
1297 863 1339 912 a
1389 839 1793 936 Polygnoto
1843 842 2234 936 descriptos
2291 862 2448 914 esse
2504 839 2821 913 referens
2876 835 3163 934 Λέσχεω

489 975 988 1068 Iliupersidem
1046 979 1295 1052 artifici
1360 979 1816 1062 subiacuisse,
1865 981 2309 1072 suspicatur:
2392 975 2568 1074 δῆλα
2624 975 2737 1048 οὖν
2792 981 2887 1053 ὡς
2941 975 3165 1054 ἄλλως

489 1138 564 1208 γε
611 1111 725 1185 οὐκ
769 1103 850 1184 ἂν
887 1117 922 1185 ὅ
963 1111 1395 1210 Πολύγνωτος
1436 1115 1726 1213 ἔγραψεν
1767 1115 1940 1186 οὕτω
1976 1114 2061 1186 τὰ
2095 1113 2255 1212 ἕλκη
2293 1116 2530 1211 σφίσιν,
2570 1115 2628 1184 εἰ
2671 1115 2765 1211 μὴ
2803 1114 3165 1194 ἐπελέξατο

487 1237 604 1350 τὴν
655 1255 916 1351 ποίησιν
971 1259 1092 1325 τοῦ
1145 1251 1452 1350 Λέσχεω.
1564 1255 2084 1329 Commemorat
2122 1261 2505 1347 praeterea
2540 1253 2911 1328 Persidem
2950 1253 3166 1326 Pro-

490 1392 653 1465 clu
685 1415 754 1486 s,
833 1395 955 1483 qui
1027 1416 1181 1466 eam
1239 1393 1538 1468 Arctino
1592 1391 1885 1466 Milesio
1939 1392 2331 1478 vindicam,
2389 1391 2741 1482 quomodo
2792 1390 3074 1464 Aethra
3126 1413 3167 1464 a

499 1532 878 1625 nepotibus
923 1532 1240 1604 Athenas
1279 1533 1584 1606 abducta
1635 1538 1828 1605 esset
1875 1533 1948 1603 in
2002 1532 2130 1604 1110
2179 1530 2487 1606 carmine
2546 1535 2955 1604 enarratum
3012 1551 3169 1602 esse

501 1673 830 1742 testatur.
885 1666 940 1763 ¹)
1045 1669 1194 1743 Iam
1276 1693 1444 1744 vero
1515 1671 1765 1743 horum
1847 1676 2216 1762 poetarum
2294 1674 2600 1742 aetatem
2664 1669 2726 1741 si
2802 1667 3172 1740 tralaticiis

503 1808 827 1880 terminis
907 1809 1542 1884 circumscribimus
1615 1810 1688 1880 in
1762 1811 1934 1881 satis
2002 1815 2275 1881 remota
2343 1815 2665 1899 tempora
2735 1807 3169 1880 devenimus.

503 1943 1106 2020 VelutArctini
1162 1949 1473 2022 carmina
1527 1949 1710 2022 circa
1763 1947 1994 2039 ipsum
2054 1947 2525 2040 olympiadum
2571 1947 2850 2018 initium
2906 1964 3175 2056 compo·
3254 2031 3273 2042 ᾖ

503 2085 643 2166 sita
695 2107 876 2179 esse,
933 2109 1018 2158 ex
1068 2092 1386 2158 veterum
1442 2085 1731 2159 calculis
1784 2087 2082 2175 cogitur.
2194 2083 2341 2160 Sed
2381 2106 2469 2159 ex
2514 2086 2782 2160 cunctis
2820 2084 2933 2157 his
2976 2085 3175 2157 testi·

503 2223 756 2295 moniis
814 2223 898 2296 de
951 2228 1305 2316 tempore‚
1375 2246 1514 2315 quo
1579 2225 1746 2296 illae
1805 2224 1890 2296 de
1946 2223 2337 2297 Acamante
2394 2230 2468 2296 et
2522 2221 3019 2317 Demophonte
3075 2221 3173 2294 fa-

504 2359 711 2432 bulae
749 2361 1050 2451 primum
1091 2361 1578 2451 promulgatae
1619 2363 1788 2454 sint,
1842 2362 2317 2436 coniecturam
2355 2360 2585 2436 facere
2622 2363 2760 2434 iam
2800 2383 2941 2434 non
2981 2360 3171 2452 licet,

505 2519 591 2569 ex
655 2520 796 2588 quo
867 2496 1321 2571 Robertus
1407 2497 1575 2571 Bild
1637 2500 1779 2571 und
1845 2499 2026 2572 Lied
2090 2522 2157 2592 p.
2223 2501 2375 2574 222
2430 2522 2536 2591 sq.
2594 2507 2667 2573 et
2747 2497 3173 2572 Wilamo-

505 2637 865 2708 witzius
943 2635 1155 2711 Hom.
1213 2635 1391 2711 Unt.
1453 2659 1522 2729 p.
1583 2640 1730 2711 328
1783 2613 1893 2728 sq.
1961 2639 2319 2730 volgarem
2370 2639 2566 2710 illam
2612 2640 2699 2714 de
2755 2639 3174 2730 cyclicorum

501 2781 867 2869 poetarum
924 2781 1158 2848 aetate
1209 2795 1286 2850 ac
1339 2777 1623 2868 scriptis
1680 2777 2081 2868 opinionem
2139 2777 2379 2858 sinon
2416 2777 2626 2868 plane
2660 2778 3175 2850 subverterunt

505 2918 818 2986 attamen
874 2915 1062 3018 haud
1124 2915 1385 2989 leniter
1439 2914 2069 2990 labefactaverun't.
2194 2919 2297 2990 Ac
2351 2920 2667 3007 quamvis
2726 2919 2811 2990 de
2868 2916 3171 3009 singulis

505 3054 906 3127 etiamnunc
959 3054 1218 3145 ambigi
1267 3056 1502 3149 liceat,
1560 3055 1688 3129 hoc
1745 3063 1987 3128 tamen
2030 3058 2166 3128 iam
2206 3057 2396 3160 omni
2436 3056 2879 3129 dubitatione
2922 3076 3172 3133 vacare

506 3191 812 3285 videtur,
867 3193 1034 3283 quin
1095 3190 1480 3266 multifaria
1525 3193 1653 3264 illa
1719 3200 2123 3285 poematum
2187 3194 2367 3267 silva
2419 3194 2509 3267 ad
2564 3200 2794 3268 certos
2850 3200 3178 3272 auctores

505 3330 788 3403 minime
845 3333 1069 3423 possit
1131 3330 1406 3405 referri.
1524 3334 1687 3424 Ipsa
1745 3338 2065 3404 veterum
2132 3334 2218 3404 de
2291 3332 2403 3404 his
2474 3333 2689 3405 rebus
2773 3334 3179 3407 testimonia

503 3468 566 3541 si
643 3475 1209 3565 perscrutamur,
1293 3472 1814 3561 antiquioribus
1893 3470 2331 3562 temporibus
2408 3476 2782 3562 poetarum
2863 3472 3176 3563 ipsorum

509 3607 840 3680 notitiam
895 3609 1294 3715 invenimus
1350 3609 1654 3703 nullam,
1734 3614 2085 3703 apparent
2162 3609 2338 3681 certi
2411 3609 2521 3681 illi
2584 3614 2910 3684 auctores
2962 3610 3178 3683 certis

502 3746 935 3836 temporibus
989 3748 1327 3838 adscripti
1381 3768 1466 3819 ea
1521 3748 1799 3819 demum
1855 3751 2113 3840 aetate,
2168 3731 2349 3837 quae
2393 3744 2757 3819 hominum
2806 3748 3168 3822 doctorum

503 3884 760 3957 studiis
813 3884 948 3955 iam
993 3884 1308 3957 florebat.
1417 3884 1699 3977 Elucet‚
1753 3885 1841 3957 ad
1880 3885 2060 3957 hanc
2097 3885 2585 3976 quaestionem
2622 3886 3173 3980 diiudicandam,

504 4041 806 4109 quonam
889 4028 1209 4114 tempore
1271 4020 1825 4096 Atheniensium
1882 4025 2049 4096 illae
2114 4022 2393 4098 fabulae
2480 4025 2567 4098 ad
2622 4025 2925 4099 Troadis
2982 4045 3179 4100 occu·

458 4160 858 4249 ·pationem
913 4160 1354 4251 pertinentes
1406 4167 1480 4233 et
1548 4167 1743 4235 ortae
1811 4168 1884 4233 et
1953 4162 2357 4255 divulgatae
2422 4164 2606 4258 sint,
2685 4163 2853 4239 hinc
2928 4164 3179 4237 redun-

513 4295 681 4369 dare
736 4297 966 4371 nihil„
1996 4265 2006 4273 ’

704 4434 1025 4511 Externa
1101 4437 1322 4527 igitur
1401 4438 1605 4509 nobis
1688 4438 2317 4531 circumspicienda
2392 4438 2734 4513 subsidia.
2842 4437 3169 4514 Exeunte

503 4573 782 4647 saeculo
820 4572 1228 4650 VLAcam
1255 4576 1484 4648 antis
1523 4576 1804 4649 nomine
1843 4578 1983 4650 iam
2019 4578 2313 4651 tribus
2354 4583 2741 4652 exornatur
2768 4577 3029 4653 Attica.
3083 4578 3177 4653 V.

520 4744 820 4753 ..-—..-.--.————

711 4833 780 4907 1)
872 4829 1034 4897 Ood.
1099 4834 1297 4897 Marc.
1367 4832 1494 4901 454
1569 4836 1620 4898 F
1623 4834 1712 4899 ol.
1765 4836 1826 4897 6.
1898 4841 2000 4899 καὶ
2068 4839 2144 4899 τὰ
2210 4839 2397 4899 λοιπὰ
2464 4834 2703 4923 λάφυρα
2771 4837 3179 4918 διανέμονται.

505 4916 804 4999 Δημοφῶν
849 4920 916 4981 δὲ
953 4925 1058 4983 καὶ
1093 4918 1372 5002 Ἀκάμας
1416 4921 1664 5003 Αἴθραν
1705 4918 1974 5002 εὸρόντες
2019 4920 2229 5006 ι’ἱγουσι
2270 4920 2417 5006 μεθ’
2459 4922 2705 4988 ἑαυτῶν.
2782 4925 2863 4988 cf.
2909 4924 2949 4986 J
2974 4944 3015 4987 a
3040 4926 3077 4987 11
3108 4944 3180 4987 n·

506 5002 563 5063 M
597 5002 1060 5087 ichaelis‚
1125 5006 1394 5075 Griech.
1446 5007 1898 5074 Bilderchron.
1949 5030 2014 5093 p.
2072 5012 2217 5075 112.

2654 5135 2717 5186 211.
