4057 5790
1595 562 2109 632 ...47—

505 803 754 900 ἡρώων
808 802 1214 897 ἐπωνυμίας,
1267 802 1648 900 ἐπιχωρίων
1699 800 1912 898 πάρεξ
1960 796 2265 874 Αἴαντο
2288 825 2340 879 ς·
2396 807 2622 874 τοῦτον
2675 802 2752 874 δὲ
2806 801 2923 874 ἅτε
2977 802 3180 874 ἀστυ-

512 941 775 1034 γείτονα
825 941 934 1013 καὶ
990 941 1366 1038 σύμμαχον,
1426 939 1698 1021 ξεῖνον
1745 939 2018 1024 ἐόντα,
2080 937 2472 1039 προσέθετο·
2528 943 2873 1018 conclusit
2920 940 3181 1016 wila-

505 1083 982 1157 mowitzius
1060 1083 1379 1176 Kydath.
1433 1105 1504 1176 p.
1560 1083 1738 1176 228,
1809 1070 1932 1173 qui
2004 1081 2477 1174 Megarenses
2560 1078 2923 1155 Salamina
2990 1079 3181 1154 insu·

503 1221 644 1293 lam
699 1242 1032 1313 umquam
1083 1223 1435 1318 eripuisse
1487 1215 2083 1308 Atheniensibus,
2130 1221 2321 1294 iusto
2375 1221 2531 1293 iure
2586 1219 2856 1313 primus
2895 1219 3184 1310 negavit

503 1355 784 1454 (Herm.
837 1363 941 1434 IX
991 1382 1061 1453 p.
1121 1356 1396 1460 323).¹)
1501 1361 1694 1434 Idem
1776 1365 2012 1433 autem
2096 1379 2183 1431 ex
2264 1357 2890 1476 Asclepiadis
2982 1357 3181 1430 testi-

511 1499 748 1572 monio
802 1497 1008 1592 effici,
1060 1498 1252 1573 haud
1301 1498 1648 1592 inlepide‘
1682 1498 1870 1571 idem
1923 1497 2201 1571 monuit
2254 1495 2843 1571 Wilamowitzius
2896 1494 3179 1590 (Herm.

503 1631 760 1730 X11'p.
824 1638 1036 1732 342).
1142 1635 1242 1710 Et
1291 1634 1628 1730 profecte,
1705 1633 2013 1712 si‘recta
2062 1641 2253 1730 suut,
2330 1603 2521 1726 uuae·
2584 1634 2709 1708 ille
2765 1635 2851 1708 de
2908 1635 3178 1708 Timo-

501 1775 695 1848 dem
725 1795 769 1848 o
820 1775 1121 1866 quodam
1175 1773 1396 1850 refert
1423 1772 1690 1873 (Schol.
1727 1773 1938 1850 Pin'd.
1968 1773 2181 1848 Nem.
2212 1775 2303 1866 Π,
2336 1776 2475 1849 19:
2530 1773 2699 1850 εἰκός
2752 1771 2921 1844 ἐστιν
2976 1770 3175 1844 αὐτὸν

502 1911 667 1983 εἶναι
729 1921 863 1982 τῶν
929 1912 1048 2010 τὴν
1118 1909 1547 2005 Σαλαμῖνα
1623 1910 2595 2010 κατακληρουχησάντων
2667 1904 3177 2009 Ἀθηναίων)

507 2047 871 2123 Salamina
939 2071 986 2123 n
1009 2073 1050 2123 o
1071 2074 1117 2125 n
1171 2051 1565 2141 antiquitus
1618 2049 2175 2125 Atheniensium
2252 2049 2472 2124 fuisse
2555 2051 2959 2127 necessario
3012 2050 3175 2126 hinc

503 2191 800 2293 cogitur.
901 2191 1045 2262 Iam
1096 2207 1290 2261 vero'
1320 2190 1508 2279 quod
1545 2190 2034 2280 gravissimum
2072 2195 2208 2282 est,
2244 2189 2593 2282 probatur
2632 2189 2963 2262 nunciam
2996 2187 3172 2263 haec

501 2327 860 2401 sententia
902 2329 1078 2419 ipsis
1144 2328 1522 2401 nummis
1598 2326 2035 2402 Salaminiis,
2170 2327 2455 2422 Quippe
2539 2324 2904 2401 Salamina
2982 2327 3175 2401 insu-

497 2464 636 2536 lam
694 2465 1001 2557 posteris
1053 2465 1492 2559 temporibus
1555 2488 1835 2562 semper
1885 2469 1998 2542 ius
2046 2487 2371 2540 nummos
2442 2466 2743 2541 cudendi
2778 2468 3001 2556 'quasi
3053 2488 3145 2539 an

497 2605 738 2694 tiquae
793 2603 1150 2678 libertatis
1202 2605 1766 2678 recordationem
1819 2607 2229 2699 retinuisse,
2284 2605 2495 2681 docta
2549 2625 2780 2700 nuper
2826 2625 3169 2679 commen-

499 2741 770 2814 tatione
825 2743 1034 2816 evicit
1077 2743 1619 2817 Koehlerus
1673 2743 1920 2818 Mitth.
1976 2743 2088 2817 IV
2142 2766 2211 2836 p.
2263 2744 2417 2817 250
2470 2765 2578 2834 sq.

703 2879 893 2956 Hinc
944 2879 1292 2958 Plutarc
1318 2882 1403 2956 hi
1454 2883 1639 2957 illud
1694 2882 1782 2956 de
1831 2881 2210 2958 Salaminis
2256 2884 2633 2959 amissione
2688 2881 3165 2957 testimonium

497 3018 1002 3094 illustrandum
1049 3028 1180 3097 est.
1291 3019 1654 3096 Salamina
1718 2994 2078 3097 Solonis
2128 3029 2363 3097 aetate
2422 3022 2977 3096 Atheniensium
3034 3019 3173 3097 fac·

499 3163 644 3231 tam
699 3180 858 3233 esse
913 3160 1103 3232 inter
1149 3179 1394 3232 omnes
1445 3160 1835 3234 constabat.
1915 3158 2061 3234 Iam
2100 3182 2267 3235 vero
2304 3180 2459 3236 cum
2514 3161 2751 3235 insula
2797 3162 2970 3234 haec
3000 3160 3165 3233 inde

501 3297 592 3371 ab
655 3298 957 3372 Aiacis
1032 3297 1470 3393 temporibus
1526 3318 1808 3390 semper
1859 3298 2413 3373 Atheniensium
2465 3297 2689 3373 fuisse
2756 3298 3167 3373 crederetur

497 3434 879 3525 aliquando
943 3456 1098 3508 eam
1169 3436 1260 3509 ab
1315 3437 1404 3508 iis
1457 3437 1787 3510 amissam
1838 3458 1995 3511 esse
2066 3439 2397 3511 nimirum
2479 3438 2957 3541 necessarium
3006 3435 3169 3513 fuit.

495 3572 701 3665 Quod
760 3575 1108 3663 quomodo
1159 3574 1494 3648 finxerint
1548 3572 2074 3669 Athenienses,
2154 3578 2417 3669 optime
2500 3599 2589 3649 ex
2648 3574 3170 3649 Pausaniae

495 3713 907 3785 testimonio
969 3712 1286 3787 cernitur
1338 3710 1422 3811 (1.
1463 3712 1590 3806 40,
1623 3708 1720 3811 5),
1774 3714 1900 3803 qui
1947 3712 2483 3806 Megarensium
2536 3715 2935 3788 narrationi
2986 3715 3171 3788 hanc

491 3849 1196 3925 Atheniensium
1263 3850 1672 3959 opinionem
1708 3854 2034 3944 opponit:
2094 3851 2486 3947 ὁμολογοῦσι
2532 3850 2608 3923 δὲ
2658 3851 2768 3923 καὶ
2811 3846 3170 3949 Ἀθηναῖοι

491 3990 725 4085 χρόνον
805 3987 946 4059 τινὰ
1008 3982 1428 4087 Μεγαρεῦσιν
1504 3988 1874 4087 ἀποστῆναι
1944 3997 2066 4088 τῆς
2130 3990 2366 4089 νήσου,
2436 3987 2717 4061 Σόλωνα
2769 3988 2847 4061 δὲ
2899 3988 3168 4089 ὕστερόν

494 4148 691 4221 φασιν
754 4124 1020 4220 ἐλεγεῖα
1073 4126 1448 4223 ποιήσαντα
1499 4127 1873 4227 προτρέψαι
1924 4133 2119 4225 σφᾶς,
2170 4134 2580 4225 καταστῆναι
2634 4126 2711 4199 δὲ
2763 4126 2872 4198 ἐπὶ
2916 4127 3168 4205 τούτοις

487 4260 560 4337 ἐς
625 4260 1109 4363 ἀμφισβήτησιν
1178 4257 1558 4361 Ἀθηναῖοι,
1611 4266 2062 4364 κρατήσαντες
2116 4264 2191 4336 δὲ
2242 4265 2529 4364 πολέμῳ
2566 4263 2924 4359 Σαλαμῖνα
2972 4264 3175 4343 atim>

496 4366 1018 4497 {xetvsssQuid
1045 4388 1321 4495 miruni,
1380 4405 1440 4476 si
1467 4404 1646 4477 haec
1701 4402 2191 4478 Salaminis
2245 4406 2516 4478 iactura
2567 4404 2656 4479 ad
2710 4424 2794 4478 ea
2846 4411 3166 4499 tempora

491 4551 562 4563 ——d

690 4626 763 4701 1)
811 4622 914 4687 Ex
931 4624 1258 4688 Herodoti
1283 4623 1430 4689 loeo
1452 4623 1634 4709 vm,
1659 4625 1744 4689 53
1762 4626 2077 4709 equidem
2093 4626 2175 4689 ad
2198 4628 2372 4690 hane
2394 4644 2537 4689 rem
2554 4625 2721 4689 nihil
2740 4626 3158 4691 deduxerim:

495 4708 1198 4775 Wiiamowitzius
1244 4710 1530 4793 Kydath.
1570 4732 1637 4795 p.
1670 4712 1816 4777 108.
1867 4714 1932 4777 J.
1983 4713 2262 4795 Steup.
2314 4712 2405 4777 M.
2440 4712 2573 4777 Rh.
2614 4712 2875 4777 XXXV
2908 4732 2975 4796 p.
3008 4712 3159 4779 640.

690 4796 762 4877 2)
848 4796 1108 4861 Eodem
1155 4798 1476 4879 redeunt,
1548 4816 1724 4881 quae
1769 4800 1951 4890 apud
1991 4799 2654 4865 Demosthenem
2712 4800 2963 4882 scripta
3008 4804 3165 4863 sunt

489 4906 556 4945 π.
599 4908 872 4969 παραπρ.
920 4884 962 4963 ξ
1005 4884 1168 4947 252:
1239 4880 1464 4957 ἐκεῖνος
1531 4884 1796 4965 (Σόλων)
1861 4882 1971 4968 μέν
2009 4909 2115 4997 γεν
2124 4884 2663 4970 ἀφεστηκυίας
2726 4888 3165 4968 Σαλαμῖνος

487 4964 756 5047 ²·A3mm'
735 4994 842 5033 ινω
887 4975 988 5031 καὶ
1027 4966 1151 5032 θοὶν
1119 4994 1299 5033 voven
1265 4971 1464 5053 v‘l's’n
1419 4994 1542 5033 “av
1567 4988 1652 5054 ψη
1655 4996 1720 5052 qn
1729 4981 1890 5055 σαμέ
1889 4998 2026 5051 νηω
2073 4998 2148 5034 αν
2187 4996 2279 5047 τις
2307 4972 2443 5063 ε’ίπη
2470 4996 2581 5055 κομ
2564 4973 2835 5048 ιίζεσθαι
2863 4991 2965 5053 sq.
3014 4971 3162 5036 Non
