4057 5790
1981 571 2475 640 ...46-

893 809 1162 900 donati,
1219 808 1528 882 insulam
1585 809 1724 883 sibi
1775 807 2226 882 tradiderint.
2308 806 2511 885 Plut.
2576 807 2725 885 Sol.
2786 814 2923 886 10:
3000 813 3110 884 τὸν
3165 811 3240 885 δὲ
3290 811 3573 886 Σόλωνά

757 964 762 968 ·
892 969 1091 1043 φασιν
1131 943 1478 1026 ἀποδεῖξαι
1503 952 1639 1022 τοῖς
1674 943 2028 1029 δικασταῖς,
2084 946 2179 1016 ὅτι
2208 941 2268 1016 Φ
2285 943 2355 1017 ιλ
2375 971 2424 1017 α
2438 953 2471 1016 ῒ
2490 971 2524 1017 ο
2542 972 2574 1024 ς
2624 949 2734 1020 καὶ
2786 944 2845 1020 Ε
2866 949 2903 1020 ὐ
2921 975 3007 1049 ρυ
3021 976 3062 1022 σ
3078 952 3124 1022 οἱ
3140 976 3176 1022 κ
3189 976 3236 1048 η
3250 975 3303 1034 ς,
3358 945 3569 1022 Αἴαν-

889 1107 1002 1162 τος
1056 1085 1199 1173 ὑιοί,
1250 1078 1588 1184 Ἀθήνησι
1636 1083 1974 1162 πολιτείας
2026 1081 2516 1184 μεταλαβόντες
2566 1086 2953 1185 παρέδοσαν
3004 1088 3124 1186 τὴν
3187 1095 3385 1186 νῆσον
3438 1085 3567 1159 αὐ-

891 1228 1026 1298 τοῖς
1065 1221 1176 1293 καὶ
1209 1219 1610 1322 κατῴκησαν
1659 1226 1694 1295 ὁ
1732 1222 1851 1321 μὲν
1887 1222 1958 1294 ἐν
1993 1217 2350 1320 Βραυρῶνι
2383 1229 2503 1320 τῆς
2546 1215 2872 1322 Ἀττικῆς,
2911 1227 2946 1296 ὁ
2984 1223 3060 1296 δὲ
3097 1225 3167 1307 ἐν
3202 1219 3485 1322 Μελίτῃ.
3516 1216 3579 1331 ¹).

889 1360 1117 1436 Aliud
1145 1369 1665 1456 argumentum,
1710 1363 1897 1454 quod
1929 1384 2017 1436 ex
2053 1364 2250 1435 vario
2279 1383 2413 1436 usu
2442 1369 2877 1438 mortuorum
2906 1365 3431 1440 condendorum
3460 1385 3568 1437 re-

887 1502 1226 1595 petivisse
1260 1500 1830 1595 perhibebantur
1846 1498 2335 1575 Athenienses
2366 1503 2504 1575 iam
2542 1522 2757 1594 supra
2776 1497 3566 1599 commemoravimus.²)

885 1623 890 1630 ’
1093 1638 1352 1715 Omnia
1392 1637 1568 1714 haec
1617 1639 1799 1712 nibil
1852 1639 1994 1712 nisi
2046 1639 2301 1712 inanes
2361 1638 2651 1713 fabulas
2688 1660 2871 1731 esse,
2919 1647 3208 1733 postero
3244 1645 3565 1732 tempore

895 1779 987 1852 ab
1040 1778 1607 1853 Atheniensibus
1665 1778 1842 1870 ipsis
1911 1778 2360 1868 excogitatas
2426 1778 2500 1851 in
2556 1779 2794 1870 aprico
2834 1783 2965 1852 est.
3064 1776 3405 1852 Cernitur
3451 1777 3603 1851 vel·

897 1917 1165 2011 optime
1221 1939 1311 1990 ex
1364 1919 1538 2014 ipsis
1593 1916 1706 1990 his
1768 1914 2507 2008 argumentationibus
2558 1911 2925 1988 Salamina
2976 1915 3371 2005 antiquitus
3423 1936 3565 1989 non

891 2052 1112 2128 fnisse
1165 2063 1298 2124 τῶν
1347 2054 1566 2151 νήσων
1621 2063 1754 2125 τῶν
1809 2050 2360 2146 ὁμολογουμένως
2411 2051 2499 2148 τῇ
2531 2045 2807 2148 Ἀττικῇ
2846 2055 3266 2150 προσχώρων
3296 2048 3563 2149 (Strab.

893 2193 1198 2286 p.395)

1102 2329 1212 2406 Ac
1263 2330 1518 2406 statuit
1567 2330 1672 2404 ita
1724 2329 2321 2422 Apollodorus
2386 2329 2567 2424 ipse,
2651 2329 2846 2403 cuius
2918 2329 3250 2402 iudicium
3332 2329 3407 2402 in
3454 2329 3565 2403 his

897 2469 1114 2544 rebus
1165 2474 1356 2543 certe
1403 2469 1775 2561 permagni
1817 2467 2218 2543 faciendum
2274 2475 2387 2543 est
2452 2463 2719 2564 (Strab.
2776 2491 2847 2561 p.
2902 2469 3085 2541 395:
3152 2465 3319 2538 ἔοικε
3366 2465 3440 2539 δὲ
3492 2467 3567 2538 τὸ

889 2606 1175 2678 παλαιὸν
1232 2609 1280 2705 ἡ
1331 2611 1444 2678 νῦν
1495 2603 1799 2702 Σαλαμὶς
1851 2599 2022 2678 καθ’
2092 2607 2195 2678 αὖ
2216 2607 2374 2704 τὴν
2426 2604 2831 2706 τάττεσθαι).
2929 2605 3083 2682 Nec
3134 2608 3359 2699 magis
3411 2606 3567 2714 ῌθ-

891 2748 1220 2822 rodoto
1275 2747 1653 2839 quidquam
1714 2745 1802 2818 de
1853 2745 2099 2820 fabula
2134 2745 2285 2839 illa,
2340 2743 2705 2820 Salamina
2739 2747 3135 2837 antiquitus
3169 2742 3568 2820 Athenien-

891 2887 1072 2961 sium
1125 2885 1344 2963 fuisse
1423 2887 1740 2961 innotuit
1795 2891 1945 2979 aut,
2032 2887 2096 2960 si
2146 2885 2481 2979 innotuit,
2562 2892 2753 2962 certe
2800 2886 2990 2962 hunc
3041 2908 3394 2961 rumorem
3449 2908 3568 2959 ne-

891 3026 1113 3115 glexit
1146 3025 1299 3099 ille.
1351 3024 1512 3101 Hoc
1549 3026 1944 3100 rectissime
2003 3046 2091 3097 ex
2148 3026 2303 3099 eius
2356 3026 2510 3099 loco
2564 3024 2660 3119 V,
2714 3027 2846 3098 66:
2905 3019 3379 3123 (Κλεισθένης)
3432 3032 3565 3096 τῶν

880 3155 1114 3239 Ἴωνος
1165 3163 1428 3235 παίδων
1482 3218 1499 3236 .
1535 3218 1554 3236 .
1589 3218 1604 3234 .
1642 3217 1656 3233 .
1713 3162 2114 3243 ἀπαλλάξας
2162 3160 2278 3238 τὰς
2330 3160 2735 3259 ἐπωνυμίας,
2810 3161 3096 3261 ἐξευρὼν
3174 3159 3249 3233 δὲ
3322 3161 3568 3260 ἑτέρων

1089 3485 1160 3571 1)
1205 3486 1383 3553 Sane
1440 3486 1805 3553 mirificum
1878 3493 2006 3565 est,
2080 3488 2597 3554 necessitudinis
2656 3486 2853 3552 huius
2898 3488 3188 3553 rationes
3234 3487 3570 3570 pertinere

890 3574 976 3641 ad
1025 3593 1183 3641 eum
1227 3574 1472 3649 locum,
1521 3574 1705 3639 unde
1755 3576 2081 3640 oriundus
2128 3576 2251 3641 fuit
2293 3575 2841 3655 Pisistratus,
2890 3577 3007 3659 qui
3052 3578 3117 3639 et
3142 3575 3286 3657 ipse
3332 3575 3416 3639 ab
3464 3574 3565 3639 his

891 3661 1131 3727 studiis
1151 3680 1285 3726 non
1307 3660 1566 3726 alienus
1584 3662 1794 3727 fuisse
1813 3664 2038 3728 fertur.
2063 3661 2671 3747 (Apollodorusjap.
2694 3659 2911 3726 Strab.
2930 3680 2991 3743 p.
3018 3661 3191 3743 394).
3208 3659 3562 3726 -Eodem

891 3748 1293 3815 Herodoti
1339 3753 1597 3833 spectat
1639 3748 1826 3813 locus
1846 3747 1964 3830 VI,
2003 3748 2123 3811 35:
2172 3745 2514 3829 Μιλτιάδης
2556 3744 2924 3832 &Komai-ov,
2955 3746 3073 3811 ἐῶν
3090 3746 3275 3826 οἰκίης
3316 3751 3566 3833 τεθριπ·

883 3833 1179 3920 ποφόρου,
1225 3837 1306 3900 τὰ
1347 3840 1458 3919 μὲν
1503 3834 1806 3901 ἀνέκαθεν
1849 3834 1932 3899 dn
1951 3834 1972 3863 ³
1977 3835 2209 3899 Αἰακοῦ
2252 3858 2321 3899 τε
2348 3840 2451 3899 καὶ
2480 3834 2720 3917 Αἰγίνης
2762 3834 3039 3917 γεγονώς,
3082 3835 3158 3897 τὰ
3202 3834 3269 3897 δὲ
3292 3831 3565 3915 ’νεώτερα

879 3920 1242 4003 Ἀθηναῖος,
1286 3922 1624 3985 Φιλαίου
1656 3925 1761 3985 τοῦ
1787 3922 2048 3997 Αἴαντος
2074 3924 2315 4002 παιδὸς,
2358 3924 2772 4006 γενομένου
2812 3918 3112 4001 πρώτου
3159 3922 3289 3999 τῆς
3332 3918 3574 3999 οἰκίης·

888 4006 1162 4086 ταύτης
1209 4006 1648 4087 Ἀθηναίου.
1767 4007 1997 4092 Ipsam
2070 4006 2532 4090 genealogiam
2601 4007 2736 4070 iam
2802 4005 3142 4089 paulisper
3202 4006 3569 4070 infuscavit-

877 4094 1349 4159 Pausaniae
1394 4092 1434 4160 I
1469 4096 1573 4177 35,
1621 4095 1704 4159 2:
1794 4096 2054 4159 Φίλαιον
2099 4096 2168 4161 δὲ
2209 4096 2313 4161 τὸν
2340 4091 2727 4179 Εὐρυσάκους
2752 4095 2859 4157 τοῦ
2886 4091 3143 4169 Αἴαντος
3184 4092 3566 4179 παραδοῢναι

885 4184 1158 4264 λέγουσιν
1189 4179 1555 4261 Ἀθηναίοις
1598 4183 1701 4261 τὴν
1743 4184 1938 4262 νῆσον,
1983 4180 2304 4265 γενόμενον
2343 4177 2439 4245 ὕπ’
2486 4176 2680 4244 αῧτῶν
2712 4178 3070 4259 Ἀθηναῖον.

1093 4284 1159 4366 2)
1207 4283 1464 4349 Eadem
1514 4289 1718 4367 atque
1764 4284 2163 4351 Plutarchus
2210 4286 2337 4349 hac
2382 4284 2467 4349 de
2512 4300 2587 4348 re
2631 4282 2904 4348 exhibet
2938 4281 3343 4346 Aelian‘us
3388 4300 3454 4345 v.
3492 4280 3559 4344 h.

897 4369 1054 4451 VII,
1096 4370 1206 4435 19:
1249 4370 1536 4453 Ἀρχαίας
1577 4374 1692 4453 γὰρ
1732 4368 1931 4451 θῆκας
1959 4370 2205 4455 ἀνοίξας
2249 4369 2538 4451 ἀπέδειξε
2566 4364 2795 4445 πάντας
2813 4368 3183 4449 Ἀθηναίους
3216 4369 3367 4452 πρὸς
3398 4364 3569 4431 δύσιν

890 4460 1195 4540 κειμένους
1237 4458 1392 4519 κατὰ
1435 4460 1505 4520 τὸ
1549 4456 1820 4542 πάτριον.
1849 4456 2053 4534 αὖτοΐς
2102 4458 2272 4538 ἔθος,
2312 4460 2449 4533 τοὺς
2493 4459 2561 4521 δὲ
2604 4458 2931 4539 Μεγαρέας
2970 4454 3099 4546 εἰκῇ
3140 4458 3245 4517 καὶ
3288 4450 3369 4529 ὡς
3400 4452 3568 4535 ἔτυχε

895 4546 1326 4626 τεθαμμένους.
1353 4544 1435 4608 ef.
1462 4544 1666 4607 etiam
1693 4542 1772 4626 V,
1805 4544 1905 4611 14.
1932 4543 2359 4629 Quamquam
2388 4544 2546 4609 Her
2566 4561 2705 4607 eas
2728 4537 3479 4625 Megarensia(Wilam
3498 4557 3565 4604 o-

897 4630 1234 4693 witzius
1281 4626 1546 4694 Comm.
1597 4648 1880 4712 gramm.
1932 4632 1996 4695 11
2040 4652 2103 4715 p.
2156 4632 2223 4714 8)
2269 4629 2747 4695 contenderat:
2796 4632 2930 4691 καὶ
2970 4629 3375 4709 Μεγαρεῖς
3416 4625 3569 4709 πρὸς

897 4712 1161 4797 ἑσπέραν
1201 4720 1580 4800 τετραμμένα
1623 4719 1702 4780 τὰ
1745 4716 1998 4799 σώματα
2040 4720 2162 4781 τῶν
2204 4717 2428 4802 νεκρῶν
2472 4720 2736 4780 τιθέναι.
2783 4713 3275 4778 Dissentiteum
3308 4712 3567 4776 Plutar-

897 4802 1026 4865 cho
1076 4800 1244 4879 (Sol.
1268 4803 1375 4885 10)
1419 4808 1484 4866 et
1514 4803 1796 4868 Aeliano
1841 4804 2042 4867 etiam
2094 4804 2515 4886 Diogenes
2563 4801 2600 4867 I
2642 4798 2814 4881 §482
2864 4796 3227 4881 ἀνασκάψας
3264 4800 3435 4873 τινὰς
3461 4795 3563 4860 τά.

895 4910 1042 4967 φους
1083 4886 1279 4970 &Uaga
1321 4890 1456 4964 τοὺς
1500 4895 1738 4973 νεκροῦς
1784 4891 1936 4971 πρὸς
1979 4887 2278 4964 ἀνατολὰς
2319 4888 2775 4974 ἐστραμμένους,
2838 4880 2919 4959 ὣς
2982 4881 3050 4963 ἦν
3092 4883 3245 4959 ἔθος
3297 4883 3569 4948 θάπτειν

890 4973 1271 5055 Ἀθηναίοις.
1375 4974 1558 5041 Haec
1602 4978 1884 5041 fontium
1931 4976 2528 5058 investigatoribus
2574 4971 2991 5056 respicienda
3036 4975 3213 5036 sunt.
