4057 5790
1983 595 2549 666 —144-

929 850 1084 905 cum
1137 855 1402 907 annum
1459 831 1718 928 26413,
1793 837 1904 908 cui
1957 831 2289 909 Bohdius
2340 835 2657 910 Zenonis
2720 843 3021 908 mortem
3090 833 3457 926 adscribit,
3522 835 3656 934 ρι’

933 969 1318 1044 Marmoris
1361 971 2010 1064 computationibus
2048 975 2533 1065 occupavisset
2566 972 2995 1063 Diognetus.
3017 969 3034 1009 ¹
3048 979 3073 1056 J
3122 971 3227 1044 At
3262 971 3615 1066 obstrepit

931 1109 1203 1184 calculo
1293 1077 1818 1201 Gomperziano
1907 1111 2139 1202 ipsum
2208 1110 2753 1184 Atheniensium
2839 1111 2927 1182 de
3006 1109 3321 1183 Zenonis
3384 1117 3611 1182 morte

931 1247 1402 1340 decretum,
1431 1247 1628 1320 cuius
1665 1248 2028 1340 exemplar
2062 1255 2423 1322 servatum
2474 1257 2587 1321 est
2621 1248 2811 1341 apud
2852 1247 3045 1339 Diog
3102 1247 3191 1320 L.
3231 1247 3369 1319 Vn
3408 1247 3459 1339 ξ
3488 1249 3609 1318 11.

937 1383 1116 1458 Cum
1191 1386 1379 1458 enim
1457 1385 1642 1474 hinc,
1701 1385 2081 1471 redundet,
2136 1385 2623 1460 Athenienses
2687 1409 2933 1460 mense
2984 1385 3613 1476 Maemacterione,

933 1523 1436 1596 Arrhenide
1491 1524 1854 1614 archonte.
1903 1525 2301 1598 decrevisse
2354 1523 2783 1622 οἰκοδομῆσαι
2838 1523 3029 1620 αὐτῷ
3079 1522 3193 1592 καὶ
3244 1493 3451 1618 τάξον
3502 1520 3613 1591 ἐπὶ

933 1666 1050 1732 τοῦ
1103 1654 1524 1757 Κεραμεικοῦ
1577 1659 1896 1757 δημοσίᾳ,
1953 1663 2157 1736 Zeno
2238 1685 2679 1754 nequaquam
2759 1685 3005 1736 mense
3062 1659 3611 1753 Sciropborione

935 1799 1070 1872 sub
1125 1799 1370 1872 eodem
1425 1801 1766 1874 archonte
1819 1807 2117 1874 mortem
2172 1809 2411 1896 potest
2462 1803 2749 1876 obiisse.
2826 1799 3139 1875 Omnino
3172 1821 3345 1872 vero
3382 1799 3615 1871 decre·

933 1945 1082 2010 tum
1144 1937 1328 2010 illud
1393 1959 1532 2011 non
1589 1939 1728 2011 nisi
1785 1940 2125 2014 continuo
2178 1947 2343 2032 post
2378 1941 2791 2035 philosophi
2824 1941 3087 2012 exitum
3142 1937 3399 2010 factum
3456 1957 3612 2008 esse

941 2075 1314 2173 probabile
1405 2084 1542 2168 est,
1617 2077 1690 2150 id
1758 2079 1944 2168 quod
2013 2080 2205 2152 iusto
2268 2080 2425 2152 iure
2476 2080 2789 2152 obtinuit
2846 2074 3613 2150 Wilamowitzius

947 2213 1335 2306 (Antigon.
1377 2238 1443 2309 p.
1483 2215 1692 2314 252).
1762 2218 1964 2290 Zeno
2019 2218 2245 2309 igitur
2296 2219 2463 2309 quin
2518 2218 2651 2292 sub
2692 2219 2849 2312 ipso
2883 2213 3417 2288 Arrhenide
3468 2213 3615 2284 vita

939 2353 1350 2440 decesserit,
1408 2353 1728 2428 dubitari
1785 2378 1924 2429 non
1983 2363 2245 2449 potest.

1149 2491 1307 2567 Hoc
1361 2501 1596 2566 autem
1653 2494 1852 2567 nullo
1905 2501 2111 2586 pacto
2162 2515 2373 2587 posse
2428 2493 2815 2566 consociari
2882 2511 3037 2564 cum
3088 2487 3427 2562 Boeckhii
3480 2485 3613 2559 cal·

939 2631 1096 2704 culo
1161 2631 1554 2706 rectissime
1617 2633 1983 2727 perspexit
2030 2631 2837 2720 Wilamowitzius,
2914 2648 3065 2702 cnm
3147 2628 3220 2698 in
3287 2625 3615 2715 Amiyono

942 2769 1196 2841 seriem
1257 2769 1670 2842 archontum
1735 2771 2127 2845 Atticorum
2203 2772 2644 2843 restitueret.
2756 2765 3341 2838 Wilamowitzius
3416 2781 3613 2853 ergo,

945 2912 1022 2979 ut
1073 2907 1166 2979 ol.
1231 2908 1448 2999 129,1
1479 2942 1582 2972 :s
1619 2908 1852 2995 2643
1903 2916 2101 2982 vacet
2149 2908 2573 2999 Arrhenidi,
2664 2906 3125 2995 Diognetum,
3206 2922 3413 2992 quem
3476 2900 3611 2991 ipsi

943 3047 1010 3118 ei
1103 3064 1289 3118 anno
1379 3045 1864 3137 adscripserat
1955 3044 2521 3133 Boeckhius,
2610 3046 2683 3117 in
2773 3064 3029 3116 annum
3120 3042 3611 3130 insequentem

943 3180 1318 3255 transfert:
1369 3181 1440 3255 ol
1527 3183 1748 3269 129‚2
1779 3221 1878 3243 z
1911 3177 2172 3272 26312.
2256 3181 2447 3257 Hinc
2496 3180 3042 3253 Wilamowitzio
3090 3177 3321 3250 iudice
3372 3182 3615 3248 auctor

943 3320 1202 3393 Parius
1257 3342 1480 3395 annos
1537 3321 1842 3395 chronici
1897 3323 2347 3414 computavit.
2446 3319 2767 3392 Eundem
2820 3316 3163 3390 calculum
3213 3313 3614 3406 complexus

944 3465 1055 3531 est
1109 3460 1320 3531 etiam
1379 3459 1854 3550 Gelzerus,
1913 3458 2103 3532 Hist.
2163 3483 2237 3534 u.
2290 3459 2464 3551 phil.
2522 3456 2732 3530 Aufs.
2798 3454 2889 3529 Ε.
2942 3452 3236 3525 Curtius
3292 3425 3609 3540 gewidm.

945 3592 1208 3689 (1884)
1244 3618 1314 3687 p.
1353 3599 1445 3668 18
1486 3603 1558 3668 et
1606 3598 1727 3687 qui
1766 3619 1994 3689 nuper
2050 3598 2425 3671 chronicon
2466 3596 2645 3668 illud
2684 3593 2909 3667 edidit
2950 3591 3345 3681 Doppius
3380 3609 3447 3679 p.
3492 3588 3613 3657 61.

951 3733 1126 3826 Alii,
1181 3732 1380 3806 velut
1433 3730 2255 3826 Spangenbergius,
2300 3734 2407 3807 De
2451 3732 2713 3807 Athen.
2761 3731 3021 3822 public.
3070 3726 3424 3800 institutis
3464 3730 3602 3796 aet.

949 3868 1222 3945 Maced.
1307 3880 1630 3948 commut.
1707 3870 1918 3945 Halis
1973 3875 2171 3945 1884
2228 3895 2295 3966 p.
2356 3875 2448 3945 31
2520 3882 2591 3945 et
2644 3869 3059 3943 Flachius
3114 3863 3384 3937 Chron.
3447 3861 3613 3934 Par.

949 4032 1012 4101 p.
1075 4005 1244 4081 XVI
1297 4012 1487 4083 inter
1541 4009 1633 4082 ol.
1697 4010 1916 4103 129,1
1972 4019 2045 4083 et
2096 4011 2187 4083 ol.
2250 4010 2475 4101 1293
2528 4010 2798 4081 incerto
2846 4004 3158 4077 titubant
3214 4000 3460 4093 gradu.

1159 4150 1254 4221 At
1305 4150 1826 4239 argumentatio
1879 4146 2090 4221 Roh
2120 4150 2363 4221 dian
2393 4169 2473 4239 a,
2520 4167 2661 4237 qua
2714 4144 2847 4217 hae
2898 4142 3211 4215 rationes
3264 4140 3615 4227 nituntur,

951 4287 1273 4377 argutior
1325 4293 1460 4379 est,
1510 4308 1716 4377 quam
1766 4288 2024 4361 verior.
2128 4284 2317 4361 Nam
2374 4286 2579 4375 illud,
2634 4282 2820 4374 quod
2872 4281 2948 4353 in
3003 4300 3279 4374 papyro
3334 4295 3619 4350 comme-

1153 4558 1224 4634 1)
1295 4558 1563 4623 Cadunt
1627 4560 1826 4643 igitur
1897 4556 2554 4622 Wilamowitzii
2622 4554 2742 4621 illa
2808 4553 3067 4635 (Antig.
3137 4570 3197 4635 p.
3259 4550 3413 4631 252)
3498 4547 3619 4631 ,Es

954 4646 1139 4711 butte
1186 4646 1326 4709 sich
1374 4646 1718 4727 geschickt
1780 4645 1890 4709 die
1957 4643 2487 4727 Sehwierigkeit‚
2560 4642 2671 4706 die
2736 4643 2839 4705 ich
2910 4639 3116 4704 durch
3188 4636 3619 4719 Beseitigung

955 4733 1072 4795 des
1124 4732 1491 4815 Diognetus
1537 4732 1844 4814 gehoben
1895 4733 2097 4809 habe,
2152 4732 2329 4795 nieht
2380 4750 2460 4794 zu
2506 4726 3031 4809 versehweigen'
3086 4742 3216 4787 non
3264 4725 3333 4788 in
3381 4723 3617 4788 Gom-

953 4820 1352 4903 perzium‚
1416 4818 1532 4883 sed
1603 4820 1672 4883 in
1741 4838 1949 4883 unum
2018 4817 2458 4881 Rohdium.
2564 4815 2807 4879 Rohdii
2877 4810 3213 4877 caleulum
3284 4826 3614 4876 consensu

953 4924 1077 4971 suo
1147 4906 1612 4990 comprobavit
1680 4906 1884 4970 etiam
1963 4902 2549 4969 Susemihlius
2622 4901 2707 4967 N.
2758 4900 2990 4966 Jahrb.
3073 4899 3117 4965 f.
3167 4892 3618 4965 Philol.1882

951 5010 1016 5077 p.
1067 4991 1220 5077 74⁴,
1273 4992 1446 5058 Adn.
1497 4992 1606 5056 39.
