4057 5790
1570 584 2083 692 7-29-

489 827 666 920 ipsis
696 826 1135 918 Theopompi
1186 823 1514 914 reliquiis
1563 823 2039 898 coniecturam
2092 820 2223 895 hac
2262 823 2349 894 de
2400 841 2481 892 re
2520 819 2751 895 facore
2788 841 2931 892 non
2968 819 3165 904 licet,

491 985 622 1057 per
683 983 759 1036 se
814 963 1004 1036 haud
1059 983 1350 1054 parvam
1402 962 1623 1035 habet
1675 961 2279 1053 probabilitatem,
2358 959 2669 1050 Trogum
2742 959 2821 1030 in
2872 957 3171 1032 conscri-

491 1103 742 1176 bendis
826 1102 1152 1174 historiis
1218 1100 1643 1195 Philippicis
1698 1105 1986 1192 praeter
2036 1097 2405 1190 Ephorum
2462 1100 2676 1172 etiam
2732 1095 3170 1188 Theopompi
3278 1081 3285 1088 ⁶

491 1243 776 1330 librum,
850 1242 1121 1316 eodem
1195 1241 1479 1313 nomine
1559 1239 2001 1331 inscriptum,
2084 1239 2502 1330 inspexisse.
2633 1237 3169 1328 Theopompum

493 1387 729 1454 autem
770 1381 842 1452 in
891 1400 1196 1486 excursu
1239 1378 1450 1450 huius
1489 1376 1662 1450 libri
1699 1376 1786 1448 de
1824 1375 2317 1449 Pisistrato
2370 1374 2661 1464 eiusque
2713 1370 2881 1446 filiis
2937 1375 3167 1466 egisse

490 1522 766 1593 constat
843 1513 1138 1610 (Athen.
1201 1538 1270 1606 p.
1343 1514 1515 1586 532.
1571 1511 1920 1604 Harpocr.
1977 1533 2034 1584 s.
2090 1535 2155 1584 v.
2194 1505 2521 1610 Λύκειον.)
2638 1511 2837 1585 Fieri
2902 1518 3165 1607 potest,

492 1665 570 1731 ut
608 1657 826 1748 Trogi
867 1656 955 1728 de
991 1653 1182 1728 bello
1223 1650 1614 1726 Salaminio
1653 1652 1968 1724 narratio
2023 1672 2111 1723 ex
2164 1651 2329 1742 ipsa
2362 1651 2491 1722 illa
2542 1651 2981 1742 digressione
3033 1673 3172 1742 ma7
3229 1667 3237 1677 ’

491 1795 792 1871 neverit..
902 1789 1048 1865 Sed
1099 1792 1304 1864 mitto
1355 1789 1593 1882 potius
1645 1789 2158 1882 quaestionem,
2209 1811 2389 1880 quae
2444 1790 2893 1882 opinionibus
2947 1791 3169 1882 magis

488 1954 694 2024 quam
749 1929 1189 2022 argumentis
1244 1928 1626 2019 disceptari
1683 1928 1930 2022 possit.

693 2071 854 2146 Hoc
909 2069 1340 2161 tenendum,
1427 2068 1587 2140 miri
1663 2067 1854 2140 inter
1910 2065 2305 2140 Aeneam
2370 2073 2443 2140 et
2494 2065 2939 2142 Iustinum
3008 2090 3168 2142 con·

495 2233 748 2286 sensus
832 2229 1118 2285 causam
1207 2228 1350 2279 non
1423 2205 1590 2278 inde
1674 2205 2136 2297 repetendam
2216 2226 2399 2299 esse,
2479 2208 2669 2296 quod
2724 2205 3001 2296 Trogus
3054 2209 3170 2280 vel

495 2351 650 2423 eius
722 2353 971 2422 auctor
1047 2367 1134 2418 ex
1193 2345 1352 2436 ipso
1407 2340 1660 2415 Aenea
1708 2342 2052 2415 hauserit.
2156 2339 2342 2415 Nam
2401 2345 2713 2416 Aeneam
2766 2345 3173 2436 posteriori-

493 2489 628 2561 bus
685 2506 918 2559 rerum
977 2482 1447 2578 scriptoribus
1492 2503 1718 2573 paene
1779 2481 2099 2572 ignotum
2161 2483 2531 2574 mansisse,
2606 2503 2724 2554 res
2804 2489 2916 2557 est
2996 2484 3169 2557 satis

495 2626 882 2717 explorata.
989 2621 1156 2695 Nisi
1222 2620 1603 2715 Polybius,
1671 2642 1878 2694 nemo
1951 2620 2103 2693 eius
2154 2618 2322 2692 facit
2376 2617 2911 2714 mentionem.¹')
2990 2621 3180 2712 Qua-

493 2769 786 2856 propter
841 2767 914 2836 et
966 2761 1186 2852 Trogi
1244 2768 1318 2834 et
1371 2758 1663 2832 Aeneae
1704 2759 2022 2832 narratio
2078 2759 2166 2832 ad
2219 2778 2647 2833 communem
2708 2761 3177 2850 antiquiorem

491 2902 754 2976 fontem
798 2900 1201 2974 revocanda
1237 2904 1370 2993 est,
1409 2920 1614 2990 quem
1657 2898 1746 2971 ab
1783 2902 2085 2988 utroque
2140 2920 2367 2991 paene
2406 2900 2493 2971 ad
2532 2899 2827 2971 verbum
2876 2901 3171 2992 exscrip-

491 3047 640 3115 tum
694 3062 856 3114 esse
901 3060 1190 3114 necesse
1244 3045 1372 3115 est.
2172 3020 2189 3027 ⁵

697 3156 1198 3254 Frontinus
1279 3182 1354 3251 in
1444 3179 1794 3271 omnibus,
1892 3197 2071 3268 quae
2157 3176 2245 3248 ad
2334 3196 2484 3248 rem
2547 3176 2935 3269 pertinent,
3020 3197 3175 3252 cum

496 3316 749 3391 Aenea
803 3324 877 3391 et
932 3320 1171 3410 Trogo
1223 3280 1602 3416 consentit.
1712 3316 1939 3409 Quem
1998 3321 2358 3390 auctorem
2410 3315 2533 3387 ille
2588 3320 2876 3389 secutus
2934 3316 3181 3406 sit,in·

500 3456 750 3565 dagari
832 3476 963 3530 nec
1031 3462 1276 3550 potest
1348 3475 1578 3545 neque
1658 3456 1788 3529 hac
1869 3456 1944 3527 in
2005 3476 2084 3528 re
2134 3456 2417 3543 attinet,
2507 3454 2767 3546 quippe
2817 3474 2972 3528 cum
3027 3455 3183 3527 eius

495 3597 930 3689 narratione,
1010 3596 1085 3668 in
1167 3599 1542 3685 angustum
1613 3598 1934 3667 coartata
1989 3598 2065 3665 et
2110 3592 2421 3665 lacerata
2473 3592 2911 3684 illaquidem,
2990 3592 3179 3683 quod

497 3708 780 3807 Aene'as
838 3733 953 3806 vel
1007 3732 1286 3821 Trogus
1340 3754 1482 3806 non
1538 3732 1820 3824 plenius
1875 3738 1949 3803 et
2002 3732 2437 3804 enucleatius
2492 3730 2965 3822 tradiderint,
3020 3729 3183 3804 affe-

495 3877 694 3945 ratur
746 3868 1030 3969 nihil.‘²)

693 4010 844 4083 Iam
919 4009 1125 4082 venio
1165 4009 1252 4081 ad
1295 4011 1604 4082 alteram
1659 4007 2110 4081 relationem.
2193 4007 2627 4101 Polyaeni
2674 4008 3178 4100 testimonium,

490 4153 736 4241 utpote
815 4149 1004 4239 quod
1080 4170 1166 4222 ex
1263 4148 1542 4234 eodem,
1641 4153 1850 4237 atque
1910 4146 2287 4221 Plutarchi
2364 4146 2718 4233 narratio,
2797 4144 2993 4219 fonte
3068 4145 3181 4219 vel

491 4287 728 4378 potius
777 4308 864 4359 ex
922 4288 1081 4379 ipso
1121 4285 1514 4363 Plutarcho
1563 4286 1980 4379 manaverit,
2032 4307 2197 4378 per
2250 4306 2341 4359 se
2395 4284 2661 4357 nullius
2716 4305 2871 4357 esse
2925 4284 3187 4376 ponde·

496 4508 629 4517 -—-.
664 4512 687 4516 -
803 4510 1108 4516 -———---

698 4628 770 4707 1)
867 4626 947 4692 A.
1002 4628 1227 4708 Hng,
1281 4627 1550 4691 Aeneas
1597 4645 1660 4695 v.
1704 4626 2009 4709 Stymph.
2064 4646 2127 4709 p.
2180 4626 2285 4690 12.

701 4730 776 4808 2)
873 4731 1034 4795 Veri
1079 4729 1500 4795 simillimum
1562 4730 1728 4795 mihi
1777 4731 2063 4812 videtur,
2136 4748 2371 4795 omnes
2419 4736 2586 4795 tres
2633 4731 3057 4795 narrationes
3100 4750 3186 4797 ex

493 4815 730 4881 eodem
819 4814 1104 4883 fluxisse
1179 4819 1382 4884 fonte.
1499 4818 1764 4882 Aeneas
1831 4820 1900 4881 in
1979 4818 2473 4900 strategematis
2518 4819 2657 4882 suis
2702 4818 3186 4903 componendis

491 4905 1138 5054 (ιῖιίζκὶιῑιιίιῇοἰείιέξὲῗοε
1179 4905 1438 4971 solebat
1470 4902 1838 4989 compilare
1887 4905 2120 4987 libros,
2172 4904 2356 4969 velut
2404 4922 2726 4989 persaepe
2770 4905 3181 4989 Thucydi-
