<?xml version="1.0" encoding="UTF-8"?>
<!DOCTYPE html PUBLIC "-//W3C//DTD XHTML 1.0 Transitional//EN"
    "http://www.w3.org/TR/xhtml1/DTD/xhtml1-transitional.dtd">
<html xmlns="http://www.w3.org/1999/xhtml" xml:lang="en" lang="en">
 <head>
  <title>
</title>
<meta http-equiv="Content-Type" content="text/html;charset=utf-8" />
  <meta name='ocr-system' content='tesseract 3.04.00' />
  <meta name='ocr-capabilities' content='ocr_page ocr_carea ocr_par ocr_line ocrx_word'/>
</head>
<body>
  <div class='ocr_page' id='page_1' title='image "./quaestionespisi00toepgoog_0154.png"; bbox 0 0 4057 5790; ppageno 0'>
   <div class='ocr_carea' id='block_1_1' title="bbox 1971 576 2531 646">
    <p class='ocr_par' dir='ltr' id='par_1_1' title="bbox 1971 576 2531 646">
     <span class='ocr_line' id='line_1_1' title="bbox 1971 576 2531 646; baseline 0 0"><span class='ocrx_word' id='word_1_1' title='bbox 1971 576 2531 646; x_wconf 79' lang='lat'>-142—</span> 
     </span>
    </p>
   </div>
   <div class='ocr_carea' id='block_1_2' title="bbox 915 811 3591 2559">
    <p class='ocr_par' dir='ltr' id='par_1_2' title="bbox 915 811 3586 1181">
     <span class='ocr_line' id='line_1_2' title="bbox 1123 811 3586 910; baseline 0.002 -26"><span class='ocrx_word' id='word_1_2' title='bbox 1123 811 1236 886; x_wconf 90' lang='lat' dir='ltr'><strong>De</strong></span> <span class='ocrx_word' id='word_1_3' title='bbox 1275 813 1630 903; x_wconf 85' lang='lat' dir='ltr'>prioribus</span> <span class='ocrx_word' id='word_1_4' title='bbox 1669 813 1950 888; x_wconf 82' lang='lat' dir='ltr'><strong>duobus</strong></span> <span class='ocrx_word' id='word_1_5' title='bbox 1993 814 2314 906; x_wconf 88' lang='lat' dir='ltr'><strong>imperiis</strong></span> <span class='ocrx_word' id='word_1_6' title='bbox 2364 818 2427 890; x_wconf 89' lang='lat' dir='ltr'><strong>si</strong></span> <span class='ocrx_word' id='word_1_7' title='bbox 2482 818 2641 907; x_wconf 89' lang='lat' dir='ltr'><strong>quis</strong></span> <span class='ocrx_word' id='word_1_8' title='bbox 2694 817 2935 910; x_wconf 89' lang='lat' dir='ltr'><strong>paullo</strong></span> <span class='ocrx_word' id='word_1_9' title='bbox 2990 836 3196 890; x_wconf 87' lang='lat' dir='ltr'><strong>secus</strong></span> <span class='ocrx_word' id='word_1_10' title='bbox 3248 817 3586 889; x_wconf 87' lang='lat' dir='ltr'><strong>statuerit</strong></span> 
     </span>
     <span class='ocr_line' id='line_1_3' title="bbox 915 949 3585 1048; baseline 0.001 -28"><span class='ocrx_word' id='word_1_11' title='bbox 915 950 1154 1022; x_wconf 88' lang='lat' dir='ltr'><strong>nullus</strong></span> <span class='ocrx_word' id='word_1_12' title='bbox 1206 969 1555 1040; x_wconf 84' lang='lat' dir='ltr'><strong>repugno.</strong></span> <span class='ocrx_word' id='word_1_13' title='bbox 1643 949 1852 1043; x_wconf 83' lang='lat' dir='ltr'><strong>Quod</strong></span> <span class='ocrx_word' id='word_1_14' title='bbox 1897 951 1957 1024; x_wconf 88' lang='lat' dir='ltr'><strong>si</strong></span> <span class='ocrx_word' id='word_1_15' title='bbox 2010 949 2285 1048; x_wconf 84' lang='lat' dir='ltr'><strong>fecerit,</strong></span> <span class='ocrx_word' id='word_1_16' title='bbox 2338 954 2600 1045; x_wconf 81' lang='lat' dir='ltr'><strong>reliqui</strong></span> <span class='ocrx_word' id='word_1_17' title='bbox 2653 956 2940 1028; x_wconf 83' lang='lat' dir='ltr'><strong>termini</strong></span> <span class='ocrx_word' id='word_1_18' title='bbox 2992 954 3325 1027; x_wconf 88' lang='lat' dir='ltr'><strong>nimirum</strong></span> <span class='ocrx_word' id='word_1_19' title='bbox 3374 953 3440 1025; x_wconf 92' lang='lat' dir='ltr'><strong>ei</strong></span> <span class='ocrx_word' id='word_1_20' title='bbox 3495 953 3585 1025; x_wconf 85' lang='lat' dir='ltr'><strong>ad</strong></span> 
     </span>
     <span class='ocr_line' id='line_1_4' title="bbox 920 1085 2237 1181; baseline 0.002 -22"><span class='ocrx_word' id='word_1_21' title='bbox 920 1088 1101 1161; x_wconf 88' lang='lat' dir='ltr'><strong>hanc</strong></span> <span class='ocrx_word' id='word_1_22' title='bbox 1149 1109 1464 1160; x_wconf 88' lang='lat' dir='ltr'><strong>normam</strong></span> <span class='ocrx_word' id='word_1_23' title='bbox 1513 1089 1866 1179; x_wconf 84' lang='lat' dir='ltr'><strong>dirigendi</strong></span> <span class='ocrx_word' id='word_1_24' title='bbox 1919 1096 2155 1162; x_wconf 84' lang='lat' dir='ltr'><strong>erunt.</strong></span> <span class='ocrx_word' id='word_1_25' title='bbox 2183 1085 2237 1181; x_wconf 88' lang='lat'><strong>¹)</strong></span> 
     </span>
    </p>

    <p class='ocr_par' dir='ltr' id='par_1_3' title="bbox 917 1223 3590 2144">
     <span class='ocr_line' id='line_1_5' title="bbox 1120 1223 3584 1300; baseline 0 -2"><span class='ocrx_word' id='word_1_26' title='bbox 1120 1223 1369 1299; x_wconf 80' lang='lat' dir='ltr'><strong>Liceat</strong></span> <span class='ocrx_word' id='word_1_27' title='bbox 1403 1225 1575 1298; x_wconf 91' lang='lat' dir='ltr'><strong>mihi</strong></span> <span class='ocrx_word' id='word_1_28' title='bbox 1623 1226 1754 1298; x_wconf 92' lang='lat' dir='ltr'><strong>sub</strong></span> <span class='ocrx_word' id='word_1_29' title='bbox 1791 1227 2001 1299; x_wconf 91' lang='lat' dir='ltr'><strong>finem</strong></span> <span class='ocrx_word' id='word_1_30' title='bbox 2040 1227 2789 1300; x_wconf 78' lang='lat' dir='ltr'><strong>commentatiunculae</strong></span> <span class='ocrx_word' id='word_1_31' title='bbox 2835 1229 3045 1300; x_wconf 90' lang='lat' dir='ltr'><strong>huius</strong></span> <span class='ocrx_word' id='word_1_32' title='bbox 3098 1227 3445 1300; x_wconf 89' lang='lat' dir='ltr'><strong>nonnulla</strong></span> <span class='ocrx_word' id='word_1_33' title='bbox 3497 1228 3584 1299; x_wconf 83' lang='lat' dir='ltr'><strong>de</strong></span> 
     </span>
     <span class='ocr_line' id='line_1_6' title="bbox 917 1362 3589 1459; baseline -0.001 -21"><span class='ocrx_word' id='word_1_34' title='bbox 917 1362 1304 1438; x_wconf 80' lang='lat' dir='ltr'><strong>Marmoris</strong></span> <span class='ocrx_word' id='word_1_35' title='bbox 1367 1362 1565 1436; x_wconf 86' lang='lat' dir='ltr'><strong>Parii</strong></span> <span class='ocrx_word' id='word_1_36' title='bbox 1643 1365 2041 1438; x_wconf 89' lang='lat' dir='ltr'><strong>rationibus</strong></span> <span class='ocrx_word' id='word_1_37' title='bbox 2108 1365 2326 1438; x_wconf 86' lang='lat' dir='ltr'><strong>verba</strong></span> <span class='ocrx_word' id='word_1_38' title='bbox 2375 1365 2802 1459; x_wconf 71' lang='lat' dir='ltr'><strong>[adiungere.</strong></span> <span class='ocrx_word' id='word_1_39' title='bbox 2912 1364 3153 1456; x_wconf 84' lang='lat' dir='ltr'>Vulgo</span> <span class='ocrx_word' id='word_1_40' title='bbox 3236 1366 3420 1437; x_wconf 90' lang='lat' dir='ltr'><strong>enim</strong></span> <span class='ocrx_word' id='word_1_41' title='bbox 3476 1363 3589 1436; x_wconf 90' lang='lat' dir='ltr'><strong>Pi-</strong></span> 
     </span>
     <span class='ocr_line' id='line_1_7' title="bbox 918 1502 3589 1595; baseline -0 -22"><span class='ocrx_word' id='word_1_42' title='bbox 918 1502 1189 1575; x_wconf 89' lang='lat' dir='ltr'><strong>sistrati</strong></span> <span class='ocrx_word' id='word_1_43' title='bbox 1241 1502 1572 1595; x_wconf 86' lang='lat' dir='ltr'><strong>tyrannis</strong></span> <span class='ocrx_word' id='word_1_44' title='bbox 1619 1503 1785 1575; x_wconf 86' lang='lat' dir='ltr'><strong>inde</strong></span> <span class='ocrx_word' id='word_1_45' title='bbox 1843 1502 1932 1574; x_wconf 89' lang='lat' dir='ltr'><strong>ab</strong></span> <span class='ocrx_word' id='word_1_46' title='bbox 1985 1523 2173 1575; x_wconf 90' lang='lat' dir='ltr'><strong>anno</strong></span> <span class='ocrx_word' id='word_1_47' title='bbox 2230 1502 2378 1573; x_wconf 82' lang='lat'><strong>560</strong></span> <span class='ocrx_word' id='word_1_48' title='bbox 2431 1504 2805 1594; x_wconf 87' lang='lat' dir='ltr'><strong>repetitur,</strong></span> <span class='ocrx_word' id='word_1_49' title='bbox 2886 1503 3039 1575; x_wconf 88' lang='lat' dir='ltr'><strong>eius</strong></span> <span class='ocrx_word' id='word_1_50' title='bbox 3111 1523 3301 1574; x_wconf 87' lang='lat' dir='ltr'><strong>mors</strong></span> <span class='ocrx_word' id='word_1_51' title='bbox 3352 1508 3589 1574; x_wconf 85' lang='lat' dir='ltr'><strong>autem</strong></span> 
     </span>
     <span class='ocr_line' id='line_1_8' title="bbox 919 1637 3587 1733; baseline -0 -21"><span class='ocrx_word' id='word_1_52' title='bbox 919 1639 1010 1712; x_wconf 85' lang='lat' dir='ltr'><strong>ad</strong></span> <span class='ocrx_word' id='word_1_53' title='bbox 1059 1640 1202 1711; x_wconf 83' lang='lat'><strong>527</strong></span> <span class='ocrx_word' id='word_1_54' title='bbox 1256 1637 1581 1712; x_wconf 87' lang='lat' dir='ltr'><strong>refertur.</strong></span> <span class='ocrx_word' id='word_1_55' title='bbox 1651 1637 2156 1732; x_wconf 82' lang='lat' dir='ltr'><strong>(Olintonus</strong></span> <span class='ocrx_word' id='word_1_56' title='bbox 2211 1639 2291 1714; x_wconf 85' lang='lat' dir='ltr'><strong>F.</strong></span> <span class='ocrx_word' id='word_1_57' title='bbox 2346 1638 2443 1712; x_wconf 88' lang='lat' dir='ltr'><strong>H.</strong></span> <span class='ocrx_word' id='word_1_58' title='bbox 2502 1642 2565 1712; x_wconf 87' lang='lat'><strong>11</strong></span> <span class='ocrx_word' id='word_1_59' title='bbox 2617 1662 2685 1733; x_wconf 83' lang='lat' dir='ltr'><strong>p.</strong></span> <span class='ocrx_word' id='word_1_60' title='bbox 2730 1640 2771 1712; x_wconf 87' lang='lat'>2</span> <span class='ocrx_word' id='word_1_61' title='bbox 2810 1647 2885 1712; x_wconf 91' lang='lat' dir='ltr'><strong>et</strong></span> <span class='ocrx_word' id='word_1_62' title='bbox 2936 1640 3109 1713; x_wconf 82' lang='lat'><strong>203.</strong></span> <span class='ocrx_word' id='word_1_63' title='bbox 3212 1638 3587 1712; x_wconf 84' lang='lat' dir='ltr'><strong>Curtius</strong></span> 
     </span>
     <span class='ocr_line' id='line_1_9' title="bbox 923 1774 3589 1870; baseline -0 -20"><span class='ocrx_word' id='word_1_64' title='bbox 923 1775 1053 1852; x_wconf 84' lang='lat' dir='ltr'><strong>Gr.</strong></span> <span class='ocrx_word' id='word_1_65' title='bbox 1109 1775 1201 1850; x_wconf 82' lang='lat' dir='ltr'><strong>Gr.</strong></span> <span class='ocrx_word' id='word_1_66' title='bbox 1251 1774 1326 1848; x_wconf 82' lang='lat'><strong>1⁵</strong></span> <span class='ocrx_word' id='word_1_67' title='bbox 1371 1798 1441 1869; x_wconf 89' lang='lat' dir='ltr'><strong>p.</strong></span> <span class='ocrx_word' id='word_1_68' title='bbox 1499 1777 1671 1849; x_wconf 80' lang='lat'><strong>667.</strong></span> <span class='ocrx_word' id='word_1_69' title='bbox 1747 1776 2269 1850; x_wconf 89' lang='lat' dir='ltr'><strong>Dunckerus</strong></span> <span class='ocrx_word' id='word_1_70' title='bbox 2326 1775 2417 1851; x_wconf 82' lang='lat' dir='ltr'><strong>Gr.</strong></span> <span class='ocrx_word' id='word_1_71' title='bbox 2473 1780 2546 1853; x_wconf 85' lang='lat' dir='ltr'><strong>d.</strong></span> <span class='ocrx_word' id='word_1_72' title='bbox 2612 1780 2696 1850; x_wconf 89' lang='lat' dir='ltr'><strong>A.</strong></span> <span class='ocrx_word' id='word_1_73' title='bbox 2754 1774 2901 1850; x_wconf 75' lang='lat' dir='ltr'><strong>V1⁵</strong></span> <span class='ocrx_word' id='word_1_74' title='bbox 2937 1799 3007 1870; x_wconf 92' lang='lat' dir='ltr'><strong>p.</strong></span> <span class='ocrx_word' id='word_1_75' title='bbox 3039 1779 3213 1851; x_wconf 84' lang='grc'>454.</span> <span class='ocrx_word' id='word_1_76' title='bbox 3268 1779 3589 1851; x_wconf 87' lang='lat' dir='ltr'><strong>Busol-</strong></span> 
     </span>
     <span class='ocr_line' id='line_1_10' title="bbox 923 1910 3590 2012; baseline 0 -25"><span class='ocrx_word' id='word_1_77' title='bbox 923 1916 1101 1987; x_wconf 89' lang='lat' dir='ltr'><strong>tius</strong></span> <span class='ocrx_word' id='word_1_78' title='bbox 1157 1912 1286 1987; x_wconf 85' lang='lat' dir='ltr'><strong>Gr.</strong></span> <span class='ocrx_word' id='word_1_79' title='bbox 1327 1913 1415 1988; x_wconf 75' lang='lat' dir='ltr'><strong>G.</strong></span> <span class='ocrx_word' id='word_1_80' title='bbox 1459 1916 1492 1986; x_wconf 96' lang='lat' dir='ltr'>I</span> <span class='ocrx_word' id='word_1_81' title='bbox 1525 1940 1590 2008; x_wconf 91' lang='lat' dir='ltr'><strong>p.</strong></span> <span class='ocrx_word' id='word_1_82' title='bbox 1625 1910 1832 2012; x_wconf 85' lang='lat'><strong>552.)</strong></span> <span class='ocrx_word' id='word_1_83' title='bbox 1899 1913 2225 2007; x_wconf 81' lang='lat' dir='ltr'><strong>Quorum</strong></span> <span class='ocrx_word' id='word_1_84' title='bbox 2276 1917 2738 1990; x_wconf 86' lang='lat' dir='ltr'><strong>terminorum</strong></span> <span class='ocrx_word' id='word_1_85' title='bbox 2777 1917 3247 2008; x_wconf 80' lang='lat' dir='ltr'><strong>patrocinium</strong></span> <span class='ocrx_word' id='word_1_86' title='bbox 3286 1917 3405 2007; x_wconf 89' lang='lat' dir='ltr'><strong>qui</strong></span> <span class='ocrx_word' id='word_1_87' title='bbox 3442 1938 3590 1989; x_wconf 90' lang='lat' dir='ltr'><strong>sus-</strong></span> 
     </span>
     <span class='ocr_line' id='line_1_11' title="bbox 920 2052 3588 2144; baseline -0 -17"><span class='ocrx_word' id='word_1_88' title='bbox 920 2060 1266 2144; x_wconf 89' lang='lat' dir='ltr'><strong>ceperunt</strong></span> <span class='ocrx_word' id='word_1_89' title='bbox 1317 2053 1743 2126; x_wconf 84' lang='lat' dir='ltr'><strong>sententiam</strong></span> <span class='ocrx_word' id='word_1_90' title='bbox 1800 2074 1996 2126; x_wconf 86' lang='lat' dir='ltr'><strong>suam</strong></span> <span class='ocrx_word' id='word_1_91' title='bbox 2052 2053 2449 2130; x_wconf 87' lang='lat' dir='ltr'><strong>chronici</strong></span> <span class='ocrx_word' id='word_1_92' title='bbox 2506 2054 2752 2129; x_wconf 88' lang='lat' dir='ltr'><strong>Parii</strong></span> <span class='ocrx_word' id='word_1_93' title='bbox 2805 2055 3213 2127; x_wconf 88' lang='lat' dir='ltr'><strong>testimonio</strong></span> <span class='ocrx_word' id='word_1_94' title='bbox 3266 2052 3588 2127; x_wconf 89' lang='lat' dir='ltr'><strong>fulciunt.</strong></span> 
     </span>
    </p>

    <p class='ocr_par' dir='ltr' id='par_1_4' title="bbox 915 2190 3591 2559">
     <span class='ocr_line' id='line_1_12' title="bbox 1124 2190 3589 2284; baseline 0.001 -21"><span class='ocrx_word' id='word_1_95' title='bbox 1124 2190 1471 2284; x_wconf 81' lang='lat' dir='ltr'><strong>Quaestio</strong></span> <span class='ocrx_word' id='word_1_96' title='bbox 1509 2191 1793 2282; x_wconf 84' lang='lat' dir='ltr'><strong>quidem</strong></span> <span class='ocrx_word' id='word_1_97' title='bbox 1831 2191 2006 2264; x_wconf 85' lang='lat' dir='ltr'><strong>satis</strong></span> <span class='ocrx_word' id='word_1_98' title='bbox 2044 2197 2157 2264; x_wconf 85' lang='lat' dir='ltr'><strong>est</strong></span> <span class='ocrx_word' id='word_1_99' title='bbox 2205 2193 2563 2284; x_wconf 77' lang='lat' dir='ltr'><strong>intricata,</strong></span> <span class='ocrx_word' id='word_1_100' title='bbox 2611 2193 2875 2284; x_wconf 88' lang='lat' dir='ltr'><strong>quippe</strong></span> <span class='ocrx_word' id='word_1_101' title='bbox 2914 2214 3141 2283; x_wconf 72' lang='lat' dir='ltr'><strong>quarn</strong></span> <span class='ocrx_word' id='word_1_102' title='bbox 3181 2193 3291 2264; x_wconf 88' lang='lat' dir='ltr'><strong>his</strong></span> <span class='ocrx_word' id='word_1_103' title='bbox 3327 2200 3589 2284; x_wconf 90' lang='lat' dir='ltr'><strong>tempo-</strong></span> 
     </span>
     <span class='ocr_line' id='line_1_13' title="bbox 918 2325 3591 2424; baseline 0.001 -26"><span class='ocrx_word' id='word_1_104' title='bbox 918 2326 1121 2399; x_wconf 88' lang='lat' dir='ltr'><strong>ribus</strong></span> <span class='ocrx_word' id='word_1_105' title='bbox 1175 2325 1500 2402; x_wconf 89' lang='lat' dir='ltr'><strong>homines</strong></span> <span class='ocrx_word' id='word_1_106' title='bbox 1549 2327 1739 2402; x_wconf 88' lang='lat' dir='ltr'><strong>docti</strong></span> <span class='ocrx_word' id='word_1_107' title='bbox 1790 2328 1980 2402; x_wconf 86' lang='lat' dir='ltr'><strong>haud</strong></span> <span class='ocrx_word' id='word_1_108' title='bbox 2034 2351 2283 2424; x_wconf 86' lang='lat' dir='ltr'><strong>parum</strong></span> <span class='ocrx_word' id='word_1_109' title='bbox 2329 2330 2779 2421; x_wconf 81' lang='lat' dir='ltr'><strong>agitaverint.</strong></span> <span class='ocrx_word' id='word_1_110' title='bbox 2888 2330 3314 2421; x_wconf 86' lang='lat' dir='ltr'><strong>Priusquam</strong></span> <span class='ocrx_word' id='word_1_111' title='bbox 3355 2339 3591 2403; x_wconf 89' lang='lat' dir='ltr'><strong>autem</strong></span> 
     </span>
     <span class='ocr_line' id='line_1_14' title="bbox 915 2464 3589 2559; baseline 0.002 -25"><span class='ocrx_word' id='word_1_112' title='bbox 915 2464 1110 2556; x_wconf 86' lang='lat' dir='ltr'><strong>ipsas</strong></span> <span class='ocrx_word' id='word_1_113' title='bbox 1167 2464 1482 2539; x_wconf 87' lang='lat' dir='ltr'><strong>chronici</strong></span> <span class='ocrx_word' id='word_1_114' title='bbox 1533 2465 1853 2539; x_wconf 84' lang='lat' dir='ltr'><strong>ra&#39;tiones</strong></span> <span class='ocrx_word' id='word_1_115' title='bbox 1905 2468 1980 2539; x_wconf 91' lang='lat' dir='ltr'><strong>in</strong></span> <span class='ocrx_word' id='word_1_116' title='bbox 2064 2467 2644 2559; x_wconf 82' lang='lat' dir='ltr'><strong>disceptationem</strong></span> <span class='ocrx_word' id='word_1_117' title='bbox 2712 2487 3062 2553; x_wconf 78' lang='lat' dir='ltr'><strong>vocemuS‚</strong></span> <span class='ocrx_word' id='word_1_118' title='bbox 3143 2469 3229 2540; x_wconf 85' lang='lat' dir='ltr'><strong>de</strong></span> <span class='ocrx_word' id='word_1_119' title='bbox 3284 2469 3589 2542; x_wconf 90' lang='lat' dir='ltr'><strong>termino</strong></span> 
     </span>
    </p>
   </div>
   <div class='ocr_carea' id='block_1_3' title="bbox 1260 2603 1530 2610">
    <p class='ocr_par' dir='ltr' id='par_1_5' title="bbox 1260 2603 1530 2610">
     <span class='ocr_line' id='line_1_15' title="bbox 1260 2603 1530 2610; baseline 0.007 -1"><span class='ocrx_word' id='word_1_120' title='bbox 1260 2603 1530 2610; x_wconf 78' lang='lat'>...—--—-—-.—-—-—</span> 
     </span>
    </p>
   </div>
   <div class='ocr_carea' id='block_1_4' title="bbox 920 2601 1226 2610">
    <p class='ocr_par' dir='ltr' id='par_1_6' title="bbox 920 2601 1226 2610">
     <span class='ocr_line' id='line_1_16' title="bbox 920 2601 1226 2610; baseline 0 0"><span class='ocrx_word' id='word_1_121' title='bbox 920 2601 1226 2610; x_wconf 95' lang='lat' dir='ltr'><strong> </strong></span> 
     </span>
    </p>
   </div>
   <div class='ocr_carea' id='block_1_5' title="bbox 921 2650 3685 2738">
    <p class='ocr_par' dir='ltr' id='par_1_7' title="bbox 921 2650 3685 2738">
     <span class='ocr_line' id='line_1_17' title="bbox 921 2650 3685 2738; baseline 0.001 -22"><span class='ocrx_word' id='word_1_122' title='bbox 921 2653 1075 2716; x_wconf 86' lang='lat' dir='ltr'><strong>eine</strong></span> <span class='ocrx_word' id='word_1_123' title='bbox 1145 2650 1377 2716; x_wconf 85' lang='lat' dir='ltr'><strong>solche</strong></span> <span class='ocrx_word' id='word_1_124' title='bbox 1443 2651 1591 2716; x_wconf 91' lang='lat' dir='ltr'><strong>dort</strong></span> <span class='ocrx_word' id='word_1_125' title='bbox 1665 2653 2123 2736; x_wconf 86' lang='lat' dir='ltr'><strong>nachgesucht</strong></span> <span class='ocrx_word' id='word_1_126' title='bbox 2196 2654 2451 2736; x_wconf 80' lang='lat' dir='ltr'><strong>hatten,</strong></span> <span class='ocrx_word' id='word_1_127' title='bbox 2530 2655 2839 2738; x_wconf 83' lang='lat' dir='ltr'><strong>obgleich</strong></span> <span class='ocrx_word' id='word_1_128' title='bbox 2896 2654 3285 2719; x_wconf 79' lang='lat' dir='ltr'><strong>Pisistratus</strong></span> <span class='ocrx_word' id='word_1_129' title='bbox 3333 2655 3594 2720; x_wconf 89' lang='lat' dir='ltr'><strong>damals</strong></span> <span class='ocrx_word' id='word_1_130' title='bbox 3676 2671 3685 2685; x_wconf 92' lang='grc'><strong><em>·</em></strong></span> 
     </span>
    </p>
   </div>
   <div class='ocr_carea' id='block_1_6' title="bbox 913 2737 3602 4204">
    <p class='ocr_par' dir='ltr' id='par_1_8' title="bbox 920 2737 3597 3602">
     <span class='ocr_line' id='line_1_18' title="bbox 920 2737 3592 2824; baseline 0.001 -22"><span class='ocrx_word' id='word_1_131' title='bbox 920 2738 1129 2802; x_wconf 88' lang='lat' dir='ltr'><strong>schon</strong></span> <span class='ocrx_word' id='word_1_132' title='bbox 1174 2738 1295 2801; x_wconf 80' lang='lat' dir='ltr'><strong>auf</strong></span> <span class='ocrx_word' id='word_1_133' title='bbox 1333 2737 1456 2802; x_wconf 88' lang='lat' dir='ltr'><strong>der</strong></span> <span class='ocrx_word' id='word_1_134' title='bbox 1497 2737 1731 2803; x_wconf 88' lang='lat' dir='ltr'><strong>Hoehe</strong></span> <span class='ocrx_word' id='word_1_135' title='bbox 1773 2743 1996 2804; x_wconf 88' lang='lat' dir='ltr'><strong>seiner</strong></span> <span class='ocrx_word' id='word_1_136' title='bbox 2025 2741 2254 2804; x_wconf 81' lang='lat' dir='ltr'><strong>Maeht</strong></span> <span class='ocrx_word' id='word_1_137' title='bbox 2280 2741 2501 2822; x_wconf 88' lang='lat' dir='ltr'><strong>stand,</strong></span> <span class='ocrx_word' id='word_1_138' title='bbox 2542 2742 2653 2805; x_wconf 87' lang='lat' dir='ltr'><strong>die</strong></span> <span class='ocrx_word' id='word_1_139' title='bbox 2683 2739 3040 2824; x_wconf 85' lang='lat' dir='ltr'><strong>Kykladen</strong></span> <span class='ocrx_word' id='word_1_140' title='bbox 3074 2741 3208 2805; x_wconf 89' lang='lat' dir='ltr'><strong>und</strong></span> <span class='ocrx_word' id='word_1_141' title='bbox 3246 2741 3592 2822; x_wconf 84' lang='lat' dir='ltr'><strong>Sigeion</strong></span> 
     </span>
     <span class='ocr_line' id='line_1_19' title="bbox 921 2823 3597 2910; baseline 0.001 -22"><span class='ocrx_word' id='word_1_142' title='bbox 921 2823 1377 2907; x_wconf 75' lang='lat' dir='ltr'><strong>beheri-sohte,</strong></span> <span class='ocrx_word' id='word_1_143' title='bbox 1451 2827 1622 2888; x_wconf 88' lang='lat' dir='ltr'><strong>auch</strong></span> <span class='ocrx_word' id='word_1_144' title='bbox 1681 2844 1793 2889; x_wconf 87' lang='lat' dir='ltr'><strong>am</strong></span> <span class='ocrx_word' id='word_1_145' title='bbox 1843 2827 2156 2910; x_wconf 75' lang='lat' dir='ltr'><strong>Strymon</strong></span> <span class='ocrx_word' id='word_1_146' title='bbox 2206 2827 2650 2906; x_wconf 81' lang='lat' dir='ltr'><strong>Besitzungen</strong></span> <span class='ocrx_word' id='word_1_147' title='bbox 2700 2829 2907 2909; x_wconf 85' lang='lat' dir='ltr'><strong>hatte,</strong></span> <span class='ocrx_word' id='word_1_148' title='bbox 2988 2827 3172 2892; x_wconf 87' lang='lat' dir='ltr'><strong>diese</strong></span> <span class='ocrx_word' id='word_1_149' title='bbox 3216 2829 3597 2893; x_wconf 86' lang='lat' dir='ltr'><strong>Thatsache</strong></span> 
     </span>
     <span class='ocr_line' id='line_1_20' title="bbox 921 2911 3597 2999; baseline 0.002 -25"><span class='ocrx_word' id='word_1_150' title='bbox 921 2911 1132 2976; x_wconf 81' lang='lat' dir='ltr'><strong>laesst</strong></span> <span class='ocrx_word' id='word_1_151' title='bbox 1173 2912 1568 2990; x_wconf 75' lang='lat' dir='ltr'><strong>schliessen‚</strong></span> <span class='ocrx_word' id='word_1_152' title='bbox 1615 2913 1769 2977; x_wconf 88' lang='lat' dir='ltr'><strong>dass</strong></span> <span class='ocrx_word' id='word_1_153' title='bbox 1815 2930 1890 2977; x_wconf 88' lang='lat' dir='ltr'><strong>er</strong></span> <span class='ocrx_word' id='word_1_154' title='bbox 1934 2916 2077 2977; x_wconf 87' lang='lat' dir='ltr'><strong>sich</strong></span> <span class='ocrx_word' id='word_1_155' title='bbox 2126 2914 2245 2977; x_wconf 85' lang='lat' dir='ltr'><strong>mit</strong></span> <span class='ocrx_word' id='word_1_156' title='bbox 2290 2914 2420 2977; x_wconf 88' lang='lat' dir='ltr'><strong>den</strong></span> <span class='ocrx_word' id='word_1_157' title='bbox 2466 2915 2518 2977; x_wconf 95' lang='lat' dir='ltr'>P</span> <span class='ocrx_word' id='word_1_158' title='bbox 2542 2934 2630 2977; x_wconf 90' lang='lat' dir='ltr'><strong>er</strong></span> <span class='ocrx_word' id='word_1_159' title='bbox 2652 2933 2685 2977; x_wconf 89' lang='lat' dir='ltr'><strong>s</strong></span> <span class='ocrx_word' id='word_1_160' title='bbox 2710 2933 2749 2978; x_wconf 89' lang='lat' dir='ltr'><strong>e</strong></span> <span class='ocrx_word' id='word_1_161' title='bbox 2772 2936 2803 2978; x_wconf 91' lang='lat' dir='ltr'><strong>r</strong></span> <span class='ocrx_word' id='word_1_162' title='bbox 2828 2935 2867 2976; x_wconf 92' lang='lat' dir='ltr'><strong>n</strong></span> <span class='ocrx_word' id='word_1_163' title='bbox 2916 2934 2958 2975; x_wconf 80' lang='lat' dir='ltr'>v</span> <span class='ocrx_word' id='word_1_164' title='bbox 2983 2932 3022 2977; x_wconf 89' lang='lat' dir='ltr'><strong>e</strong></span> <span class='ocrx_word' id='word_1_165' title='bbox 3044 2935 3077 2978; x_wconf 91' lang='lat' dir='ltr'><strong>r</strong></span> <span class='ocrx_word' id='word_1_166' title='bbox 3101 2934 3133 2979; x_wconf 93' lang='lat' dir='ltr'><strong>s</strong></span> <span class='ocrx_word' id='word_1_167' title='bbox 3160 2922 3250 2979; x_wconf 87' lang='lat' dir='ltr'><strong>ta</strong></span> <span class='ocrx_word' id='word_1_168' title='bbox 3272 2934 3311 2979; x_wconf 86' lang='lat' dir='ltr'><strong>e</strong></span> <span class='ocrx_word' id='word_1_169' title='bbox 3338 2936 3377 2979; x_wconf 90' lang='lat' dir='ltr'><strong>n</strong></span> <span class='ocrx_word' id='word_1_170' title='bbox 3406 2916 3446 2979; x_wconf 94' lang='lat' dir='ltr'>d</span> <span class='ocrx_word' id='word_1_171' title='bbox 3469 2917 3597 2999; x_wconf 86' lang='lat' dir='ltr'><strong>igt</strong></span> 
     </span>
     <span class='ocr_line' id='line_1_21' title="bbox 921 2997 3589 3085; baseline 0.003 -26"><span class='ocrx_word' id='word_1_172' title='bbox 921 2998 1186 3063; x_wconf 86' lang='lat' dir='ltr'><strong>hatte</strong></span> <span class='ocrx_word' id='word_1_173' title='bbox 1234 2998 1366 3061; x_wconf 88' lang='lat' dir='ltr'><strong>und</strong></span> <span class='ocrx_word' id='word_1_174' title='bbox 1418 2997 1602 3061; x_wconf 89' lang='lat' dir='ltr'><strong>nicht</strong></span> <span class='ocrx_word' id='word_1_175' title='bbox 1649 2997 1978 3063; x_wconf 76' lang='lat' dir='ltr'><strong>helsen</strong></span> <span class='ocrx_word' id='word_1_176' title='bbox 2027 3000 2419 3063; x_wconf 87' lang='lat' dir='ltr'><strong>wollte.‘</strong></span> <span class='ocrx_word' id='word_1_177' title='bbox 2510 2999 2874 3080; x_wconf 85' lang='lat' dir='ltr'><strong>‚Solche</strong></span> <span class='ocrx_word' id='word_1_178' title='bbox 2922 3000 3589 3085; x_wconf 79' lang='lat' dir='ltr'><strong>Gefuhllosig·</strong></span> 
     </span>
     <span class='ocr_line' id='line_1_22' title="bbox 921 3084 3593 3169; baseline 0.001 -22"><span class='ocrx_word' id='word_1_179' title='bbox 921 3085 969 3147; x_wconf 87' lang='lat' dir='ltr'><strong>k</strong></span> <span class='ocrx_word' id='word_1_180' title='bbox 994 3102 1034 3148; x_wconf 87' lang='lat' dir='ltr'><strong>e</strong></span> <span class='ocrx_word' id='word_1_181' title='bbox 1055 3085 1129 3147; x_wconf 92' lang='lat' dir='ltr'><strong>it</strong></span> <span class='ocrx_word' id='word_1_182' title='bbox 1200 3100 1416 3166; x_wconf 82' lang='lat' dir='ltr'><strong>gegen</strong></span> <span class='ocrx_word' id='word_1_183' title='bbox 1490 3084 1610 3148; x_wconf 89' lang='lat' dir='ltr'><strong>das</strong></span> <span class='ocrx_word' id='word_1_184' title='bbox 1685 3085 2028 3150; x_wconf 81' lang='lat' dir='ltr'><strong>Schicksal</strong></span> <span class='ocrx_word' id='word_1_185' title='bbox 2094 3085 2213 3149; x_wconf 89' lang='lat' dir='ltr'><strong>der</strong></span> <span class='ocrx_word' id='word_1_186' title='bbox 2278 3086 2830 3151; x_wconf 84' lang='lat' dir='ltr'><strong>Tochterstaedte</strong></span> <span class='ocrx_word' id='word_1_187' title='bbox 2884 3106 3045 3169; x_wconf 85' lang='lat' dir='ltr'><strong>mag</strong></span> <span class='ocrx_word' id='word_1_188' title='bbox 3089 3089 3158 3149; x_wconf 91' lang='lat' dir='ltr'><strong>in</strong></span> <span class='ocrx_word' id='word_1_189' title='bbox 3209 3089 3428 3150; x_wconf 84' lang='lat' dir='ltr'><strong>Athen</strong></span> <span class='ocrx_word' id='word_1_190' title='bbox 3472 3088 3593 3151; x_wconf 82' lang='lat' dir='ltr'><strong>Er·</strong></span> 
     </span>
     <span class='ocr_line' id='line_1_23' title="bbox 922 3171 3591 3257; baseline 0.001 -23"><span class='ocrx_word' id='word_1_191' title='bbox 922 3171 1258 3253; x_wconf 86' lang='lat' dir='ltr'><strong>bitternng</strong></span> <span class='ocrx_word' id='word_1_192' title='bbox 1305 3171 1824 3253; x_wconf 81' lang='lat' dir='ltr'><strong>hervorgerufen</strong></span> <span class='ocrx_word' id='word_1_193' title='bbox 1875 3172 2009 3235; x_wconf 88' lang='lat' dir='ltr'><strong>und</strong></span> <span class='ocrx_word' id='word_1_194' title='bbox 2061 3171 2188 3234; x_wconf 90' lang='lat' dir='ltr'><strong>den</strong></span> <span class='ocrx_word' id='word_1_195' title='bbox 2222 3171 2521 3256; x_wconf 83' lang='lat' dir='ltr'><strong>Anhang</strong></span> <span class='ocrx_word' id='word_1_196' title='bbox 2548 3176 2773 3237; x_wconf 86' lang='lat' dir='ltr'><strong>seiner</strong></span> <span class='ocrx_word' id='word_1_197' title='bbox 2802 3174 3072 3257; x_wconf 80' lang='lat' dir='ltr'><strong>Geguer</strong></span> <span class='ocrx_word' id='word_1_198' title='bbox 3102 3192 3177 3238; x_wconf 94' lang='lat' dir='ltr'><strong>so</strong></span> <span class='ocrx_word' id='word_1_199' title='bbox 3211 3175 3591 3237; x_wconf 84' lang='lat' dir='ltr'><strong>verstaerkt</strong></span> 
     </span>
     <span class='ocr_line' id='line_1_24' title="bbox 920 3256 3590 3340; baseline 0.001 -19"><span class='ocrx_word' id='word_1_200' title='bbox 920 3258 1167 3333; x_wconf 85' lang='lat' dir='ltr'><strong>haben,</strong></span> <span class='ocrx_word' id='word_1_201' title='bbox 1219 3257 1376 3321; x_wconf 86' lang='lat' dir='ltr'><strong>dass</strong></span> <span class='ocrx_word' id='word_1_202' title='bbox 1423 3256 1541 3321; x_wconf 85' lang='lat' dir='ltr'><strong>der</strong></span> <span class='ocrx_word' id='word_1_203' title='bbox 1586 3257 1862 3340; x_wconf 83' lang='lat' dir='ltr'><strong>Tyrann</strong></span> <span class='ocrx_word' id='word_1_204' title='bbox 1911 3278 2024 3323; x_wconf 91' lang='lat' dir='ltr'><strong>um</strong></span> <span class='ocrx_word' id='word_1_205' title='bbox 2072 3258 2193 3320; x_wconf 74' lang='grc'><strong>544</strong></span> <span class='ocrx_word' id='word_1_206' title='bbox 2262 3266 2707 3339; x_wconf 79' lang='lat' dir='ltr'><strong>gesturzt</strong></span> <span class='ocrx_word' id='word_1_207' title='bbox 2759 3280 2818 3321; x_wconf 85' lang='lat' dir='ltr'><strong>w</strong></span> <span class='ocrx_word' id='word_1_208' title='bbox 2846 3260 3007 3324; x_wconf 86' lang='lat' dir='ltr'><strong>erd</strong></span> <span class='ocrx_word' id='word_1_209' title='bbox 3033 3278 3135 3323; x_wconf 89' lang='lat' dir='ltr'><strong>en</strong></span> <span class='ocrx_word' id='word_1_210' title='bbox 3205 3260 3590 3325; x_wconf 86' lang='lat' dir='ltr'><strong>konnte.‘</strong></span> 
     </span>
     <span class='ocr_line' id='line_1_25' title="bbox 921 3343 3593 3430; baseline 0.001 -23"><span class='ocrx_word' id='word_1_211' title='bbox 921 3343 1184 3407; x_wconf 79' lang='lat' dir='ltr'><strong>Mittere</strong></span> <span class='ocrx_word' id='word_1_212' title='bbox 1206 3360 1484 3426; x_wconf 84' lang='lat' dir='ltr'><strong>possum</strong></span> <span class='ocrx_word' id='word_1_213' title='bbox 1507 3360 1729 3407; x_wconf 85' lang='lat' dir='ltr'><strong>meras</strong></span> <span class='ocrx_word' id='word_1_214' title='bbox 1743 3346 2157 3408; x_wconf 85' lang='lat' dir='ltr'><strong>coniecturas</strong></span> <span class='ocrx_word' id='word_1_215' title='bbox 2184 3362 2361 3428; x_wconf 89' lang='lat' dir='ltr'><strong>quae</strong></span> <span class='ocrx_word' id='word_1_216' title='bbox 2384 3345 2959 3411; x_wconf 69' lang='lat' dir='ltr'><strong>nullo2fulciuntur</strong></span> <span class='ocrx_word' id='word_1_217' title='bbox 2980 3346 3593 3430; x_wconf 75' lang='lat' dir='ltr'><strong>argumento.Qnin</strong></span> 
     </span>
     <span class='ocr_line' id='line_1_26' title="bbox 922 3428 3593 3513; baseline 0.001 -20"><span class='ocrx_word' id='word_1_218' title='bbox 922 3430 1129 3493; x_wconf 89' lang='lat' dir='ltr'><strong>immo</strong></span> <span class='ocrx_word' id='word_1_219' title='bbox 1153 3431 1278 3491; x_wconf 72' lang='lat'><strong>544</strong></span> <span class='ocrx_word' id='word_1_220' title='bbox 1300 3428 1411 3493; x_wconf 87' lang='lat' dir='ltr'><strong>vel</strong></span> <span class='ocrx_word' id='word_1_221' title='bbox 1436 3430 1562 3490; x_wconf 75' lang='lat'><strong>543</strong></span> <span class='ocrx_word' id='word_1_222' title='bbox 1589 3448 1721 3493; x_wconf 90' lang='lat' dir='ltr'><strong>non</strong></span> <span class='ocrx_word' id='word_1_223' title='bbox 1763 3430 2086 3513; x_wconf 86' lang='lat' dir='ltr'><strong>expulsus</strong></span> <span class='ocrx_word' id='word_1_224' title='bbox 2111 3450 2282 3511; x_wconf 80' lang='lat' dir='ltr'><strong>esse,</strong></span> <span class='ocrx_word' id='word_1_225' title='bbox 2312 3431 2428 3495; x_wconf 87' lang='lat' dir='ltr'><strong>sed</strong></span> <span class='ocrx_word' id='word_1_226' title='bbox 2448 3431 2970 3497; x_wconf 84' lang='lat' dir='ltr'><strong>Atheniensibus</strong></span> <span class='ocrx_word' id='word_1_227' title='bbox 2994 3432 3083 3496; x_wconf 84' lang='lat' dir='ltr'><strong>ad</strong></span> <span class='ocrx_word' id='word_1_228' title='bbox 3108 3431 3452 3497; x_wconf 85' lang='lat' dir='ltr'><strong>Pallenem</strong></span> <span class='ocrx_word' id='word_1_229' title='bbox 3480 3433 3593 3496; x_wconf 85' lang='lat' dir='ltr'><strong>de-</strong></span> 
     </span>
     <span class='ocr_line' id='line_1_27' title="bbox 924 3514 3595 3602; baseline 0.003 -26"><span class='ocrx_word' id='word_1_230' title='bbox 924 3517 1118 3579; x_wconf 83' lang='lat' dir='ltr'><strong>victis</strong></span> <span class='ocrx_word' id='word_1_231' title='bbox 1148 3514 1444 3579; x_wconf 84' lang='lat' dir='ltr'><strong>Athenas</strong></span> <span class='ocrx_word' id='word_1_232' title='bbox 1467 3516 1745 3579; x_wconf 86' lang='lat' dir='ltr'><strong>rediisse</strong></span> <span class='ocrx_word' id='word_1_233' title='bbox 1768 3518 2037 3580; x_wconf 87' lang='lat' dir='ltr'><strong>videtur</strong></span> <span class='ocrx_word' id='word_1_234' title='bbox 2053 3516 2457 3581; x_wconf 84' lang='lat' dir='ltr'><strong>Pisistratus.</strong></span> <span class='ocrx_word' id='word_1_235' title='bbox 2492 3520 2593 3582; x_wconf 86' lang='lat' dir='ltr'><strong>De</strong></span> <span class='ocrx_word' id='word_1_236' title='bbox 2617 3518 2871 3602; x_wconf 85' lang='lat' dir='ltr'><strong>proelio</strong></span> <span class='ocrx_word' id='word_1_237' title='bbox 2896 3518 3278 3583; x_wconf 86' lang='lat' dir='ltr'><strong>Pallenensi</strong></span> <span class='ocrx_word' id='word_1_238' title='bbox 3309 3518 3366 3582; x_wconf 86' lang='lat' dir='ltr'>H</span> <span class='ocrx_word' id='word_1_239' title='bbox 3393 3539 3430 3584; x_wconf 85' lang='lat' dir='ltr'><strong>e</strong></span> <span class='ocrx_word' id='word_1_240' title='bbox 3455 3539 3487 3582; x_wconf 87' lang='grc' dir='ltr'><strong>ι·</strong></span> <span class='ocrx_word' id='word_1_241' title='bbox 3512 3537 3553 3584; x_wconf 92' lang='lat' dir='ltr'><strong>o</strong></span> <span class='ocrx_word' id='word_1_242' title='bbox 3570 3554 3595 3567; x_wconf 92' lang='lat'><strong>·</strong></span> 
     </span>
    </p>

    <p class='ocr_par' dir='ltr' id='par_1_9' title="bbox 913 3600 3602 4204">
     <span class='ocr_line' id='line_1_28' title="bbox 989 3600 3597 3690; baseline 0.001 -25"><span class='ocrx_word' id='word_1_243' title='bbox 989 3607 1142 3666; x_wconf 85' lang='lat' dir='ltr'><strong>otu</strong></span> <span class='ocrx_word' id='word_1_244' title='bbox 1169 3620 1200 3665; x_wconf 85' lang='lat' dir='ltr'><strong>s</strong></span> <span class='ocrx_word' id='word_1_245' title='bbox 1248 3602 1414 3667; x_wconf 79' lang='lat' dir='ltr'><strong>haee</strong></span> <span class='ocrx_word' id='word_1_246' title='bbox 1460 3602 1616 3666; x_wconf 80' lang='lat' dir='ltr'><strong>facit</strong></span> <span class='ocrx_word' id='word_1_247' title='bbox 1662 3602 1868 3666; x_wconf 79' lang='lat' dir='ltr'><strong>verba</strong></span> <span class='ocrx_word' id='word_1_248' title='bbox 1915 3602 1970 3683; x_wconf 80' lang='lat' dir='ltr'><strong>I,</strong></span> <span class='ocrx_word' id='word_1_249' title='bbox 2019 3602 2135 3667; x_wconf 86' lang='lat'><strong>63:</strong></span> <span class='ocrx_word' id='word_1_250' title='bbox 2187 3600 2248 3665; x_wconf 84' lang='grc' dir='ltr'><strong>οί</strong></span> <span class='ocrx_word' id='word_1_251' title='bbox 2286 3605 2355 3667; x_wconf 78' lang='grc' dir='ltr'><strong>δὲ</strong></span> <span class='ocrx_word' id='word_1_252' title='bbox 2398 3602 2553 3687; x_wconf 70' lang='grc' dir='ltr'><strong>ἀμφὶ</strong></span> <span class='ocrx_word' id='word_1_253' title='bbox 2596 3608 3045 3690; x_wconf 77' lang='grc' dir='ltr'><strong><em>Πεισίστρατον</em></strong></span> <span class='ocrx_word' id='word_1_254' title='bbox 3076 3604 3435 3681; x_wconf 77' lang='grc' dir='ltr'><strong><em>ἐσπεσόντες</em></strong></span> <span class='ocrx_word' id='word_1_255' title='bbox 3464 3608 3597 3681; x_wconf 74' lang='grc' dir='ltr'><strong><em>τοὺς</em></strong></span> 
     </span>
     <span class='ocr_line' id='line_1_29' title="bbox 913 3686 3599 3773; baseline 0 -21"><span class='ocrx_word' id='word_1_256' title='bbox 913 3688 1285 3768; x_wconf 78' lang='grc' dir='ltr'><strong><em>Ἀθηναίους</em></strong></span> <span class='ocrx_word' id='word_1_257' title='bbox 1327 3686 1647 3771; x_wconf 86' lang='grc' dir='ltr'><strong><em>τράπουσι.</em></strong></span> <span class='ocrx_word' id='word_1_258' title='bbox 1726 3687 2064 3771; x_wconf 78' lang='grc' dir='ltr'><strong><em>φευγόντων</em></strong></span> <span class='ocrx_word' id='word_1_259' title='bbox 2106 3691 2174 3754; x_wconf 76' lang='grc' dir='ltr'><strong>δὲ</strong></span> <span class='ocrx_word' id='word_1_260' title='bbox 2213 3688 2438 3753; x_wconf 73' lang='grc' dir='ltr'><strong><em>τούτων</em></strong></span> <span class='ocrx_word' id='word_1_261' title='bbox 2477 3694 2695 3771; x_wconf 77' lang='grc' dir='ltr'><strong><em>βουλὴν</em></strong></span> <span class='ocrx_word' id='word_1_262' title='bbox 2736 3690 3004 3755; x_wconf 77' lang='grc' dir='ltr'><strong><em>ἐνθαῦτα</em></strong></span> <span class='ocrx_word' id='word_1_263' title='bbox 3048 3690 3402 3773; x_wconf 77' lang='grc' dir='ltr'><strong><em>σοφωτάτην</em></strong></span> <span class='ocrx_word' id='word_1_264' title='bbox 3444 3692 3599 3755; x_wconf 85' lang='grc' dir='ltr'><strong><em>Πει-</em></strong></span> 
     </span>
     <span class='ocr_line' id='line_1_30' title="bbox 921 3772 3599 3858; baseline 0.001 -21"><span class='ocrx_word' id='word_1_265' title='bbox 921 3778 1240 3856; x_wconf 86' lang='grc' dir='ltr'><strong><em>σίστρατος</em></strong></span> <span class='ocrx_word' id='word_1_266' title='bbox 1293 3772 1697 3855; x_wconf 74' lang='grc' dir='ltr'><strong><em>ἐπιτεχνᾶται,</em></strong></span> <span class='ocrx_word' id='word_1_267' title='bbox 1764 3772 1916 3850; x_wconf 74' lang='grc' dir='ltr'><strong><em>ὅκως</em></strong></span> <span class='ocrx_word' id='word_1_268' title='bbox 1963 3774 2116 3856; x_wconf 80' lang='grc' dir='ltr'><strong><em>μῆτε</em></strong></span> <span class='ocrx_word' id='word_1_269' title='bbox 2156 3772 2475 3838; x_wconf 77' lang='grc' dir='ltr'><strong><em>ἁλισθεῖεν</em></strong></span> <span class='ocrx_word' id='word_1_270' title='bbox 2514 3774 2605 3844; x_wconf 78' lang='grc' dir='ltr'><strong><em>ἔτι</em></strong></span> <span class='ocrx_word' id='word_1_271' title='bbox 2649 3774 2709 3840; x_wconf 80' lang='grc' dir='ltr'><strong>οἱ</strong></span> <span class='ocrx_word' id='word_1_272' title='bbox 2740 3774 3070 3857; x_wconf 76' lang='grc' dir='ltr'><strong><em>Ἀθηναῖοι</em></strong></span> <span class='ocrx_word' id='word_1_273' title='bbox 3105 3778 3599 3858; x_wconf 77' lang='grc' dir='ltr'><strong><em>διεσκεδασμένοι</em></strong></span> 
     </span>
     <span class='ocr_line' id='line_1_31' title="bbox 921 3858 3601 3961; baseline 0 -39"><span class='ocrx_word' id='word_1_274' title='bbox 921 3883 987 3923; x_wconf 89' lang='grc' dir='ltr'><strong>τε</strong></span> <span class='ocrx_word' id='word_1_275' title='bbox 1027 3859 1168 3961; x_wconf 59' lang='grc' dir='ltr'><strong><em>εἶεν.</em></strong></span> <span class='ocrx_word' id='word_1_276' title='bbox 1214 3858 1594 3941; x_wconf 73' lang='grc' dir='ltr'><strong><em>ἀναβιβάσας</em></strong></span> <span class='ocrx_word' id='word_1_277' title='bbox 1635 3862 1771 3936; x_wconf 78' lang='grc' dir='ltr'><strong><em>τοὺς</em></strong></span> <span class='ocrx_word' id='word_1_278' title='bbox 1813 3863 2039 3935; x_wconf 76' lang='grc' dir='ltr'><strong><em>παῖδας</em></strong></span> <span class='ocrx_word' id='word_1_279' title='bbox 2068 3860 2169 3925; x_wconf 76' lang='grc' dir='ltr'><strong>ἐπὶ</strong></span> <span class='ocrx_word' id='word_1_280' title='bbox 2196 3863 2419 3936; x_wconf 73' lang='grc' dir='ltr'><strong><em>ἵππους</em></strong></span> <span class='ocrx_word' id='word_1_281' title='bbox 2448 3866 2822 3944; x_wconf 79' lang='grc' dir='ltr'><strong><em>προέπεμπε.</em></strong></span> <span class='ocrx_word' id='word_1_282' title='bbox 2855 3860 2916 3925; x_wconf 79' lang='grc' dir='ltr'><strong>οἱ</strong></span> <span class='ocrx_word' id='word_1_283' title='bbox 2943 3864 3012 3925; x_wconf 76' lang='grc' dir='ltr'><strong>δὲ</strong></span> <span class='ocrx_word' id='word_1_284' title='bbox 3038 3860 3601 3944; x_wconf 84' lang='grc' dir='ltr'><strong><em>καταλαμβάνοντες</em></strong></span> 
     </span>
     <span class='ocr_line' id='line_1_32' title="bbox 921 3942 3600 4032; baseline 0.001 -24"><span class='ocrx_word' id='word_1_285' title='bbox 921 3950 1055 4019; x_wconf 79' lang='grc' dir='ltr'><strong><em>τοὺς</em></strong></span> <span class='ocrx_word' id='word_1_286' title='bbox 1147 3945 1425 4026; x_wconf 73' lang='grc' dir='ltr'><strong><em>εὖγοντας</em></strong></span> <span class='ocrx_word' id='word_1_287' title='bbox 1467 3944 1674 4027; x_wconf 64' lang='grc' dir='ltr'><strong><em>ἔλεγον</em></strong></span> <span class='ocrx_word' id='word_1_288' title='bbox 1715 3948 1791 4009; x_wconf 83' lang='grc' dir='ltr'><strong><em>τὰ</em></strong></span> <span class='ocrx_word' id='word_1_289' title='bbox 1835 3946 2231 4029; x_wconf 77' lang='grc' dir='ltr'><strong><em>ἐντεταλμένα</em></strong></span> <span class='ocrx_word' id='word_1_290' title='bbox 2276 3942 2391 4010; x_wconf 73' lang='grc' dir='ltr'><strong>ὕπὸ</strong></span> <span class='ocrx_word' id='word_1_291' title='bbox 2438 3946 2908 4031; x_wconf 80' lang='grc' dir='ltr'><strong><em>Πεισιστράτου,</em></strong></span> <span class='ocrx_word' id='word_1_292' title='bbox 2958 3952 3255 4032; x_wconf 69' lang='grc' dir='ltr'><strong><em>θαρσέειν</em></strong></span> <span class='ocrx_word' id='word_1_293' title='bbox 3295 3972 3363 4011; x_wconf 88' lang='grc' dir='ltr'><strong>τε</strong></span> <span class='ocrx_word' id='word_1_294' title='bbox 3404 3946 3600 4011; x_wconf 71' lang='grc' dir='ltr'><strong><em>κελεύ-</em></strong></span> 
     </span>
     <span class='ocr_line' id='line_1_33' title="bbox 923 4030 3602 4115; baseline -0.001 -20"><span class='ocrx_word' id='word_1_295' title='bbox 923 4036 1242 4107; x_wconf 78' lang='grc' dir='ltr'><strong><em>οντεςφκαὶ</em></strong></span> <span class='ocrx_word' id='word_1_296' title='bbox 1287 4030 1534 4095; x_wconf 72' lang='grc' dir='ltr'><strong><em>ἀπιέναι</em></strong></span> <span class='ocrx_word' id='word_1_297' title='bbox 1578 4032 1831 4095; x_wconf 76' lang='grc' dir='ltr'><strong><em>ἕκαστον</em></strong></span> <span class='ocrx_word' id='word_1_298' title='bbox 1873 4031 1975 4095; x_wconf 77' lang='grc' dir='ltr'><strong>ἐπὶ</strong></span> <span class='ocrx_word' id='word_1_299' title='bbox 1999 4036 2077 4095; x_wconf 82' lang='grc' dir='ltr'><strong><em>τὰ</em></strong></span> <span class='ocrx_word' id='word_1_300' title='bbox 2108 4030 2349 4096; x_wconf 72' lang='grc' dir='ltr'><strong><em>ἑωυτοῦ.</em></strong></span> <span class='ocrx_word' id='word_1_301' title='bbox 2426 4036 2942 4115; x_wconf 75' lang='grc' dir='ltr'><strong><em>Πειθομένων</em></strong></span> <span class='ocrx_word' id='word_1_302' title='bbox 2986 4036 3055 4097; x_wconf 78' lang='grc' dir='ltr'><strong>δὲ</strong></span> <span class='ocrx_word' id='word_1_303' title='bbox 3095 4036 3215 4097; x_wconf 85' lang='grc' dir='ltr'><strong>τῶν</strong></span> <span class='ocrx_word' id='word_1_304' title='bbox 3247 4032 3602 4111; x_wconf 77' lang='grc' dir='ltr'><strong><em>Ἀθηναίων</em></strong></span> 
     </span>
     <span class='ocr_line' id='line_1_34' title="bbox 930 4116 3598 4204; baseline 0 -24"><span class='ocrx_word' id='word_1_305' title='bbox 930 4116 1085 4181; x_wconf 72' lang='grc' dir='ltr'><strong><em>οὕτω</em></strong></span> <span class='ocrx_word' id='word_1_306' title='bbox 1130 4118 1200 4179; x_wconf 78' lang='grc' dir='ltr'><strong>δὲ</strong></span> <span class='ocrx_word' id='word_1_307' title='bbox 1243 4118 1831 4199; x_wconf 86' lang='grc' dir='ltr'><strong><em>Πεισίστρατος</em></strong></span> <span class='ocrx_word' id='word_1_308' title='bbox 1893 4120 1962 4181; x_wconf 84' lang='grc' dir='ltr'><strong><em>τὸ</em></strong></span> <span class='ocrx_word' id='word_1_309' title='bbox 2025 4122 2226 4204; x_wconf 89' lang='grc' dir='ltr'><strong><em>τρίτον</em></strong></span> <span class='ocrx_word' id='word_1_310' title='bbox 2270 4121 2431 4200; x_wconf 77' lang='grc' dir='ltr'><strong><em>σχὼν</em></strong></span> <span class='ocrx_word' id='word_1_311' title='bbox 2462 4118 2738 4198; x_wconf 73' lang='grc' dir='ltr'><strong><em>Ἀθήνας</em></strong></span> <span class='ocrx_word' id='word_1_312' title='bbox 2780 4119 3064 4201; x_wconf 75' lang='grc' dir='ltr'><strong><em>ἐρρίζωσε</em></strong></span> <span class='ocrx_word' id='word_1_313' title='bbox 3105 4121 3210 4197; x_wconf 75' lang='grc' dir='ltr'><strong>τὴν</strong></span> <span class='ocrx_word' id='word_1_314' title='bbox 3251 4120 3598 4202; x_wconf 75' lang='grc' dir='ltr'><strong><em>τυραννίδα.</em></strong></span> 
     </span>
    </p>
   </div>
   <div class='ocr_carea' id='block_1_7' title="bbox 929 4202 3707 4289">
    <p class='ocr_par' dir='ltr' id='par_1_10' title="bbox 929 4202 3707 4289">
     <span class='ocr_line' id='line_1_35' title="bbox 929 4202 3707 4289; baseline 0.001 -24"><span class='ocrx_word' id='word_1_315' title='bbox 929 4202 1080 4265; x_wconf 75' lang='lat' dir='ltr'><strong>Sed‘</strong></span> <span class='ocrx_word' id='word_1_316' title='bbox 1129 4221 1356 4266; x_wconf 88' lang='lat' dir='ltr'><strong>nonne</strong></span> <span class='ocrx_word' id='word_1_317' title='bbox 1423 4209 1562 4267; x_wconf 87' lang='lat' dir='ltr'><strong>tota</strong></span> <span class='ocrx_word' id='word_1_318' title='bbox 1611 4204 1772 4267; x_wconf 85' lang='lat' dir='ltr'><strong>haec</strong></span> <span class='ocrx_word' id='word_1_319' title='bbox 1813 4204 2322 4269; x_wconf 84' lang='lat' dir='ltr'><strong>narratiuncula</strong></span> <span class='ocrx_word' id='word_1_320' title='bbox 2368 4227 2452 4271; x_wconf 84' lang='lat' dir='ltr'><strong>ex</strong></span> <span class='ocrx_word' id='word_1_321' title='bbox 2498 4208 2643 4289; x_wconf 92' lang='lat' dir='ltr'><strong>ipso</strong></span> <span class='ocrx_word' id='word_1_322' title='bbox 2694 4206 2965 4288; x_wconf 84' lang='lat' dir='ltr'><strong>tyranni</strong></span> <span class='ocrx_word' id='word_1_323' title='bbox 3012 4206 3284 4269; x_wconf 88' lang='lat' dir='ltr'><strong>nomine</strong></span> <span class='ocrx_word' id='word_1_324' title='bbox 3333 4212 3597 4287; x_wconf 86' lang='lat' dir='ltr'><strong>postero</strong></span> <span class='ocrx_word' id='word_1_325' title='bbox 3700 4228 3707 4233; x_wconf 86' lang='lat'><strong>·</strong></span> 
     </span>
    </p>
   </div>
   <div class='ocr_carea' id='block_1_8' title="bbox 925 4288 3609 5062">
    <p class='ocr_par' dir='ltr' id='par_1_11' title="bbox 926 4288 3602 4617">
     <span class='ocr_line' id='line_1_36' title="bbox 926 4288 3601 4373; baseline 0 -22"><span class='ocrx_word' id='word_1_326' title='bbox 926 4298 1228 4370; x_wconf 83' lang='lat' dir='ltr'><strong>tempore</strong></span> <span class='ocrx_word' id='word_1_327' title='bbox 1257 4288 1458 4353; x_wconf 89' lang='lat' dir='ltr'><strong>ducta</strong></span> <span class='ocrx_word' id='word_1_328' title='bbox 1482 4305 1632 4352; x_wconf 87' lang='lat' dir='ltr'><strong>esse</strong></span> <span class='ocrx_word' id='word_1_329' title='bbox 1657 4290 1922 4372; x_wconf 85' lang='lat' dir='ltr'><strong>potest?</strong></span> <span class='ocrx_word' id='word_1_330' title='bbox 1953 4322 2040 4335; x_wconf 89' lang='lat'>-</span> <span class='ocrx_word' id='word_1_331' title='bbox 2069 4291 2122 4353; x_wconf 92' lang='lat' dir='ltr'><strong>P</strong></span> <span class='ocrx_word' id='word_1_332' title='bbox 2148 4310 2184 4354; x_wconf 90' lang='lat' dir='ltr'><strong>e</strong></span> <span class='ocrx_word' id='word_1_333' title='bbox 2206 4298 2229 4353; x_wconf 90' lang='lat' dir='ltr'><strong>t</strong></span> <span class='ocrx_word' id='word_1_334' title='bbox 2254 4308 2293 4355; x_wconf 91' lang='lat' dir='ltr'><strong>e</strong></span> <span class='ocrx_word' id='word_1_335' title='bbox 2320 4312 2351 4354; x_wconf 87' lang='lat' dir='ltr'><strong>r</strong></span> <span class='ocrx_word' id='word_1_336' title='bbox 2375 4308 2518 4355; x_wconf 90' lang='lat' dir='ltr'><strong>sen</strong></span> <span class='ocrx_word' id='word_1_337' title='bbox 2540 4293 2562 4354; x_wconf 94' lang='lat' dir='ltr'><strong>i</strong></span> <span class='ocrx_word' id='word_1_338' title='bbox 2584 4312 2621 4355; x_wconf 91' lang='lat' dir='ltr'><strong>u</strong></span> <span class='ocrx_word' id='word_1_339' title='bbox 2641 4311 2697 4370; x_wconf 73' lang='lat' dir='ltr'><strong>s,</strong></span> <span class='ocrx_word' id='word_1_340' title='bbox 2750 4293 2835 4356; x_wconf 87' lang='lat' dir='ltr'><strong>de</strong></span> <span class='ocrx_word' id='word_1_341' title='bbox 2870 4292 3003 4355; x_wconf 88' lang='lat' dir='ltr'><strong>hist</strong></span> <span class='ocrx_word' id='word_1_342' title='bbox 3030 4297 3212 4373; x_wconf 88' lang='lat' dir='ltr'><strong>gent.</strong></span> <span class='ocrx_word' id='word_1_343' title='bbox 3255 4291 3385 4354; x_wconf 82' lang='lat' dir='ltr'><strong>Att.</strong></span> <span class='ocrx_word' id='word_1_344' title='bbox 3416 4310 3479 4373; x_wconf 89' lang='lat' dir='ltr'><strong>p.</strong></span> <span class='ocrx_word' id='word_1_345' title='bbox 3518 4289 3601 4352; x_wconf 71' lang='lat'><strong>⁴9</strong></span> 
     </span>
     <span class='ocr_line' id='line_1_37' title="bbox 929 4374 3602 4461; baseline 0.001 -24"><span class='ocrx_word' id='word_1_346' title='bbox 929 4374 1165 4458; x_wconf 86' lang='lat' dir='ltr'><strong>proelii</strong></span> <span class='ocrx_word' id='word_1_347' title='bbox 1230 4374 1647 4438; x_wconf 86' lang='lat' dir='ltr'><strong>Pallenensis</strong></span> <span class='ocrx_word' id='word_1_348' title='bbox 1717 4378 2423 4441; x_wconf 86' lang='lat' dir='ltr'><strong>commemorationem</strong></span> <span class='ocrx_word' id='word_1_349' title='bbox 2496 4379 2672 4461; x_wconf 88' lang='lat' dir='ltr'><strong>apud</strong></span> <span class='ocrx_word' id='word_1_350' title='bbox 2748 4378 3007 4442; x_wconf 84' lang='lat' dir='ltr'><strong>Andoe.</strong></span> <span class='ocrx_word' id='word_1_351' title='bbox 3080 4376 3151 4457; x_wconf 81' lang='lat' dir='ltr'><strong>I,</strong></span> <span class='ocrx_word' id='word_1_352' title='bbox 3232 4376 3356 4439; x_wconf 88' lang='lat'><strong>106</strong></span> <span class='ocrx_word' id='word_1_353' title='bbox 3425 4394 3602 4439; x_wconf 87' lang='lat' dir='ltr'><strong>com-</strong></span> 
     </span>
     <span class='ocr_line' id='line_1_38' title="bbox 927 4461 3601 4548; baseline 0 -23"><span class='ocrx_word' id='word_1_354' title='bbox 927 4462 1164 4525; x_wconf 86' lang='lat' dir='ltr'><strong>miscet</strong></span> <span class='ocrx_word' id='word_1_355' title='bbox 1208 4478 1360 4524; x_wconf 83' lang='lat' dir='ltr'><strong>eum</strong></span> <span class='ocrx_word' id='word_1_356' title='bbox 1409 4461 1692 4542; x_wconf 75' lang='lat' dir='ltr'><strong>Hippiae</strong></span> <span class='ocrx_word' id='word_1_357' title='bbox 1758 4463 2133 4528; x_wconf 87' lang='lat' dir='ltr'><strong>exact-ione.</strong></span> <span class='ocrx_word' id='word_1_358' title='bbox 2249 4463 2513 4548; x_wconf 76' lang='lat' dir='ltr'><strong>Quippe</strong></span> <span class='ocrx_word' id='word_1_359' title='bbox 2562 4463 2978 4529; x_wconf 83' lang='lat' dir='ltr'><strong>obliviscitur</strong></span> <span class='ocrx_word' id='word_1_360' title='bbox 3022 4462 3139 4525; x_wconf 91' lang='lat' dir='ltr'><strong>ille</strong></span> <span class='ocrx_word' id='word_1_361' title='bbox 3189 4462 3244 4526; x_wconf 89' lang='lat' dir='ltr'>A</span> <span class='ocrx_word' id='word_1_362' title='bbox 3274 4482 3315 4525; x_wconf 91' lang='lat' dir='ltr'><strong>n</strong></span> <span class='ocrx_word' id='word_1_363' title='bbox 3347 4463 3384 4524; x_wconf 93' lang='lat' dir='ltr'>d</span> <span class='ocrx_word' id='word_1_364' title='bbox 3416 4480 3454 4526; x_wconf 94' lang='lat' dir='ltr'><strong>o</strong></span> <span class='ocrx_word' id='word_1_365' title='bbox 3482 4464 3601 4525; x_wconf 86' lang='lat' dir='ltr'><strong>ci·</strong></span> 
     </span>
     <span class='ocr_line' id='line_1_39' title="bbox 930 4547 2789 4617; baseline 0.002 -7"><span class='ocrx_word' id='word_1_366' title='bbox 930 4547 971 4610; x_wconf 91' lang='lat' dir='ltr'><strong>d</strong></span> <span class='ocrx_word' id='word_1_367' title='bbox 999 4566 1128 4611; x_wconf 83' lang='lat' dir='ltr'><strong>em</strong></span> <span class='ocrx_word' id='word_1_368' title='bbox 1175 4549 1242 4610; x_wconf 89' lang='lat' dir='ltr'><strong>in</strong></span> <span class='ocrx_word' id='word_1_369' title='bbox 1292 4547 1624 4611; x_wconf 83' lang='lat' dir='ltr'><strong>historicis</strong></span> <span class='ocrx_word' id='word_1_370' title='bbox 1673 4550 1958 4613; x_wconf 87' lang='lat' dir='ltr'><strong>tironem</strong></span> <span class='ocrx_word' id='word_1_371' title='bbox 2008 4550 2213 4613; x_wconf 81' lang='lat' dir='ltr'><strong>fuisse</strong></span> <span class='ocrx_word' id='word_1_372' title='bbox 2256 4551 2789 4617; x_wconf 86' lang='lat' dir='ltr'><strong>hebetissimum.</strong></span> 
     </span>
    </p>

    <p class='ocr_par' dir='ltr' id='par_1_12' title="bbox 925 4630 3609 5062">
     <span class='ocr_line' id='line_1_40' title="bbox 1137 4630 3607 4720; baseline 0.002 -25"><span class='ocrx_word' id='word_1_373' title='bbox 1137 4630 1202 4717; x_wconf 84' lang='lat'><strong>1)</strong></span> <span class='ocrx_word' id='word_1_374' title='bbox 1255 4633 1302 4695; x_wconf 91' lang='grc' dir='ltr'>Β</span> <span class='ocrx_word' id='word_1_375' title='bbox 1332 4653 1369 4696; x_wconf 91' lang='lat' dir='ltr'><strong>u</strong></span> <span class='ocrx_word' id='word_1_376' title='bbox 1398 4653 1429 4696; x_wconf 93' lang='lat' dir='ltr'><strong>s</strong></span> <span class='ocrx_word' id='word_1_377' title='bbox 1461 4651 1500 4697; x_wconf 95' lang='lat' dir='ltr'><strong>o</strong></span> <span class='ocrx_word' id='word_1_378' title='bbox 1525 4632 1548 4696; x_wconf 91' lang='lat'>1</span> <span class='ocrx_word' id='word_1_379' title='bbox 1577 4641 1602 4696; x_wconf 93' lang='lat' dir='ltr'><strong>t</strong></span> <span class='ocrx_word' id='word_1_380' title='bbox 1629 4635 1650 4697; x_wconf 96' lang='lat' dir='ltr'><strong>i</strong></span> <span class='ocrx_word' id='word_1_381' title='bbox 1676 4654 1717 4698; x_wconf 93' lang='lat' dir='ltr'><strong>u</strong></span> <span class='ocrx_word' id='word_1_382' title='bbox 1742 4655 1773 4698; x_wconf 96' lang='lat' dir='ltr'><strong>s</strong></span> <span class='ocrx_word' id='word_1_383' title='bbox 1820 4634 1932 4701; x_wconf 85' lang='lat' dir='ltr'><strong>Gr.</strong></span> <span class='ocrx_word' id='word_1_384' title='bbox 1967 4635 2051 4698; x_wconf 87' lang='lat' dir='ltr'><strong>G.</strong></span> <span class='ocrx_word' id='word_1_385' title='bbox 2078 4634 2117 4699; x_wconf 94' lang='lat' dir='ltr'>I</span> <span class='ocrx_word' id='word_1_386' title='bbox 2145 4656 2213 4719; x_wconf 90' lang='lat' dir='ltr'><strong>p.</strong></span> <span class='ocrx_word' id='word_1_387' title='bbox 2268 4637 2395 4699; x_wconf 83' lang='lat'><strong>552</strong></span> <span class='ocrx_word' id='word_1_388' title='bbox 2438 4637 2707 4719; x_wconf 88' lang='lat' dir='ltr'><strong>quidem</strong></span> <span class='ocrx_word' id='word_1_389' title='bbox 2758 4657 2866 4700; x_wconf 86' lang='lat' dir='ltr'><strong>me</strong></span> <span class='ocrx_word' id='word_1_390' title='bbox 2906 4637 3129 4700; x_wconf 85' lang='lat' dir='ltr'><strong>iudice</strong></span> <span class='ocrx_word' id='word_1_391' title='bbox 3174 4654 3607 4720; x_wconf 72' lang='lat' dir='ltr'><strong>parumpro·</strong></span> 
     </span>
     <span class='ocr_line' id='line_1_41' title="bbox 929 4719 3609 4806; baseline 0.001 -24"><span class='ocrx_word' id='word_1_392' title='bbox 929 4719 1246 4783; x_wconf 84' lang='lat' dir='ltr'><strong>habiliter</strong></span> <span class='ocrx_word' id='word_1_393' title='bbox 1288 4720 1578 4803; x_wconf 90' lang='lat' dir='ltr'><strong>primum</strong></span> <span class='ocrx_word' id='word_1_394' title='bbox 1623 4721 1981 4803; x_wconf 87' lang='lat' dir='ltr'><strong>imperium</strong></span> <span class='ocrx_word' id='word_1_395' title='bbox 2024 4720 2239 4786; x_wconf 86' lang='lat' dir='ltr'><strong>altero</strong></span> <span class='ocrx_word' id='word_1_396' title='bbox 2288 4724 2557 4787; x_wconf 89' lang='lat' dir='ltr'><strong>tribus</strong></span> <span class='ocrx_word' id='word_1_397' title='bbox 2604 4726 2845 4787; x_wconf 91' lang='lat' dir='ltr'><strong>annis</strong></span> <span class='ocrx_word' id='word_1_398' title='bbox 2894 4724 3161 4803; x_wconf 85' lang='lat' dir='ltr'><strong>longius</strong></span> <span class='ocrx_word' id='word_1_399' title='bbox 3209 4724 3415 4806; x_wconf 83' lang='lat' dir='ltr'><strong>ponit.</strong></span> <span class='ocrx_word' id='word_1_400' title='bbox 3463 4722 3609 4786; x_wconf 84' lang='lat' dir='ltr'><strong>Nec</strong></span> 
     </span>
     <span class='ocr_line' id='line_1_42' title="bbox 925 4804 3608 4891; baseline 0.002 -23"><span class='ocrx_word' id='word_1_401' title='bbox 925 4822 1094 4889; x_wconf 88' lang='lat' dir='ltr'><strong>quos</strong></span> <span class='ocrx_word' id='word_1_402' title='bbox 1167 4804 1283 4869; x_wconf 89' lang='lat' dir='ltr'><strong>ille</strong></span> <span class='ocrx_word' id='word_1_403' title='bbox 1355 4808 1591 4870; x_wconf 87' lang='lat' dir='ltr'><strong>statuit</strong></span> <span class='ocrx_word' id='word_1_404' title='bbox 1658 4806 2018 4872; x_wconf 81' lang='lat' dir='ltr'><strong>exiliorum</strong></span> <span class='ocrx_word' id='word_1_405' title='bbox 2100 4810 2365 4872; x_wconf 85' lang='lat' dir='ltr'><strong>termini</strong></span> <span class='ocrx_word' id='word_1_406' title='bbox 2422 4810 2835 4891; x_wconf 75' lang='lat' dir='ltr'><strong>respondent-</strong></span> <span class='ocrx_word' id='word_1_407' title='bbox 2908 4810 3293 4874; x_wconf 85' lang='lat' dir='ltr'><strong>testimonio</strong></span> <span class='ocrx_word' id='word_1_408' title='bbox 3357 4810 3608 4873; x_wconf 86' lang='lat' dir='ltr'><strong>Aristo·</strong></span> 
     </span>
     <span class='ocr_line' id='line_1_43' title="bbox 927 4890 3603 4979; baseline 0.001 -24"><span class='ocrx_word' id='word_1_409' title='bbox 927 4890 1151 4956; x_wconf 85' lang='lat' dir='ltr'><strong>telico.</strong></span> <span class='ocrx_word' id='word_1_410' title='bbox 1243 4891 1506 4957; x_wconf 89' lang='lat' dir='ltr'><strong>Holm</strong></span> <span class='ocrx_word' id='word_1_411' title='bbox 1535 4895 1554 4955; x_wconf 91' lang='lat' dir='ltr'><strong>i</strong></span> <span class='ocrx_word' id='word_1_412' title='bbox 1582 4912 1677 4956; x_wconf 91' lang='lat' dir='ltr'><strong>us</strong></span> <span class='ocrx_word' id='word_1_413' title='bbox 1754 4893 1872 4957; x_wconf 85' lang='lat' dir='ltr'><strong>Gr.</strong></span> <span class='ocrx_word' id='word_1_414' title='bbox 1943 4892 2024 4959; x_wconf 78' lang='lat' dir='ltr'><strong>G.</strong></span> <span class='ocrx_word' id='word_1_415' title='bbox 2073 4892 2101 4956; x_wconf 93' lang='grc' dir='ltr'>Ι</span> <span class='ocrx_word' id='word_1_416' title='bbox 2146 4913 2211 4977; x_wconf 91' lang='lat' dir='ltr'><strong>p.</strong></span> <span class='ocrx_word' id='word_1_417' title='bbox 2260 4894 2381 4958; x_wconf 82' lang='lat'><strong>501</strong></span> <span class='ocrx_word' id='word_1_418' title='bbox 2455 4895 2634 4977; x_wconf 88' lang='lat' dir='ltr'><strong>quod</strong></span> <span class='ocrx_word' id='word_1_419' title='bbox 2708 4896 2791 4959; x_wconf 88' lang='lat' dir='ltr'><strong>ad</strong></span> <span class='ocrx_word' id='word_1_420' title='bbox 2864 4900 3167 4979; x_wconf 86' lang='lat' dir='ltr'><strong>tempora</strong></span> <span class='ocrx_word' id='word_1_421' title='bbox 3230 4896 3463 4960; x_wconf 84' lang='lat' dir='ltr'><strong>attinet</strong></span> <span class='ocrx_word' id='word_1_422' title='bbox 3520 4894 3603 4959; x_wconf 90' lang='lat' dir='ltr'><strong>ad</strong></span> 
     </span>
     <span class='ocr_line' id='line_1_44' title="bbox 929 4976 2680 5062; baseline 0.002 -22"><span class='ocrx_word' id='word_1_423' title='bbox 929 4976 1278 5061; x_wconf 70' lang='lat' dir='ltr'><strong>Unger-um</strong></span> <span class='ocrx_word' id='word_1_424' title='bbox 1326 4983 1390 5042; x_wconf 90' lang='lat' dir='ltr'><strong>et</strong></span> <span class='ocrx_word' id='word_1_425' title='bbox 1438 4977 1815 5043; x_wconf 85' lang='lat' dir='ltr'><strong>Busoltium</strong></span> <span class='ocrx_word' id='word_1_426' title='bbox 1865 4979 2202 5062; x_wconf 75' lang='lat' dir='ltr'><strong>relegasse</strong></span> <span class='ocrx_word' id='word_1_427' title='bbox 2245 4984 2409 5045; x_wconf 87' lang='lat' dir='ltr'><strong>satis</strong></span> <span class='ocrx_word' id='word_1_428' title='bbox 2458 4982 2680 5045; x_wconf 87' lang='lat' dir='ltr'><strong>habet.</strong></span> 
     </span>
    </p>
   </div>
   <div class='ocr_carea' id='block_1_9' title="bbox 4018 3330 4026 5723">
    <p class='ocr_par' dir='ltr' id='par_1_13' title="bbox 4018 3330 4026 5723">
     <span class='ocr_line' id='line_1_45' title="bbox 4018 3330 4026 5723; baseline 0 0"><span class='ocrx_word' id='word_1_429' title='bbox 4018 3330 4026 5723; x_wconf 95' lang='lat' dir='ltr'><strong> </strong></span> 
     </span>
    </p>
   </div>
  </div>
 </body>
</html>
