4057 5790
1985 545 2509 622 -70--

911 860 1144 915 autem
1229 833 1512 912 saeculo
1595 831 1885 904 ineunte
1973 829 2518 901 Atheniensium
2592 827 2678 902 de
2754 807 3131 902 Acamante
3190 836 3262 902 et
3329 826 3587 902 Demo·

913 981 1174 1074 phonte
1225 971 1506 1048 fabulae
1563 969 1700 1041 iam
1757 968 1933 1040 adeo
1993 966 2180 1058 apud
2238 988 2481 1039 omnes
2536 964 2847 1040 Graecos
2903 973 3325 1062 pervagatae
3379 973 3587 1040 erant

907 1125 986 1192 ut
1043 1135 1168 1188 eae
1241 1132 1380 1184 non
1465 1107 1693 1180 solum
1765 1107 1838 1178 in
1913 1105 2311 1177 vasculis
2368 1103 2725 1182 Atticis
2806 1106 3120 1179 solerent
3189 1106 3495 1201 depingi,
3524 1099 3584 1198 ¹)

907 1272 1150 1328 verum
1237 1247 1451 1320 etiam
1534 1245 1622 1316 ab
1690 1243 1960 1316 artifice
2042 1243 2340 1314 maximo
2415 1242 2815 1336 Polygnoto
2896 1243 3158 1316 Thasio
3250 1242 3337 1315 ad
3430 1264 3583 1334 spe-

907 1387 1369 1466 ctatissimum
1451 1380 1797 1456 Graeciae
1889 1380 2119 1455 locum
2199 1380 2675 1453 exornandum
2758 1380 3293 1452 adhiberentur.
3438 1379 3579 1472 Qui

905 1525 1150 1618 paullo
1202 1523 1365 1614 p'ost
1427 1520 1800 1612 degerunt,
1871 1519 2360 1612 Aeschylus
2446 1517 2692 1610 (Eum.
2758 1518 2908 1591 397
2963 1520 3104 1609 sq.)
3160 1523 3233 1589 et
3298 1515 3582 1591 Hero-

908 1664 1176 1736 dotus
1217 1655 1515 1756 (V.95),
1547 1663 1740 1733 certe
1777 1660 1970 1748 ipsas
2003 1657 2131 1729 has
2166 1655 2444 1729 fabulas
2484 1658 2802 1748 cognitas
2842 1657 3245 1729 habuerunt
3278 1676 3406 1731 nec
3438 1677 3578 1728 non

908 1821 1034 1872 eae
1091 1800 1560 1870 innotuerunt
1614 1794 2095 1868 Hellanico
2152 1790 2418 1890 (Schol.
2477 1793 2725 1886 Eurip.
2783 1795 3040 1867 Troad.
3106 1795 3303 1885 125).
3372 1791 3583 1868 Unde

909 1941 1232 2028 apparet,
1285 1933 1664 2007 Persarum
1725 1933 1935 2006 bellis
1986 1935 2102 2006 vix
2152 1931 2480 2007 confectis
2537 1956 2681 2006 rem
2738 1933 2945 2006 istam
3000 1935 3136 2006 iam
3193 1932 3409 2006 fuisse
3464 1934 3586 2006 tri-

909 2075 1282 2165 tissimam,
1365 2073 1629 2163 quippe
1711 2093 1916 2161 quam
2001 2093 2239 2144 rerum
2323 2073 2707 2166 scriptores
2790 2071 2947 2164 (qui
3008 2071 3243 2144 solent
3314 2073 3581 2164 vocari)

909 2216 1360 2298 enarrarent,
1437 2216 1777 2282 canerent
1836 2217 2129 2305 poetae,
2202 2211 2585 2303 pingerent
2666 2212 2994 2303 pictores.
3118 2213 3359 2300 Itaque
3431 2211 3587 2301 ipsa

914 2348 1313 2421 fabularum
1396 2349 1742 2440 principia
1821 2348 1934 2421 vel
2003 2349 2221 2422 alt-ius
2284 2350 2676 2440 repe-tenda
2748 2370 2932 2440 esse,
3000 2370 3203 2421 nemo
3272 2347 3581 2438 negabit.

921 2485 1069 2559 Iam
1113 2507 1282 2558 vero
1321 2487 1654 2575 quamdiu
1703 2487 2081 2560 Persarum
2131 2487 2322 2596 bella
2381 2486 2932 2559 Atheniensium
2979 2488 3325 2560 civitatem
3386 2507 3586 2558 vexa·

915 2625 1092 2696 bant
1146 2631 1220 2695 et
1267 2630 1677 2716 occupatam
1732 2626 2075 2698 tenebant
2119 2627 2272 2699 eius
2324 2627 2512 2699 modi
2566 2625 2825 2699 fabulis
2881 2627 3255 2701 nascendis
3311 2625 3579 2698 nullum

908 2760 1130 2834 fuisse
1187 2762 1416 2836 locum
1477 2764 1650 2836 satis
1700 2770 1811 2836 est
1864 2771 2440 2839 consentaneum.
2556 2765 2874 2855 F-lagitat
2942 2765 3161 2855 igitur
3220 2785 3335 2836 res
3402 2771 3582 2856 ipsa,

911 2906 992 2972 ut
1036 2901 1266 2990 quinti
1317 2902 1638 2991 sextique
1695 2904 1958 2976 saeculi
2015 2904 2316 2977 confinia
2370 2905 2839 2995 egrediamur.
3048 2950 3075 3007 9

1112 3037 1218 3111 At
1268 3040 1402 3112 iam
1459 3042 1846 3135 videamuS,
1902 3044 2223 3134 possitne
2278 3066 2365 3115 ex
2417 3044 2644 3117 altera
2706 3048 2909 3135 parte
2967 3042 3185 3132 aliqui
3234 3042 3581 3114 terminus

913 3174 1242 3248 stabiliri.
1356 3175 1799 3267 Quamquam
1855 3178 1986 3253 hoc
2044 3180 2153 3252 vel
2204 3182 2427 3271 magis
2483 3188 2595 3253 est
2645 3182 2967 3275 arduum,
3019 3204 3171 3257 cum
3206 3178 3583 3252 iamvide·

911 3312 1135 3384 rimus
1189 3334 1302 3406 ea,
1355 3334 1532 3404 quae
1587 3322 1866 3390 veteres
1924 3317 2009 3391 de
2069 3320 2487 3413 cyclicorum
2534 3326 2904 3412 poetarum
2960 3320 3398 3413 temporibus
3452 3326 3585 3389 tra·

911 3447 1278 3543 diderunt‚
1349 3472 1642 3543 prorsus
1717 3455 2048 3548 ambigna
2118 3480 2275 3531 esse
2346 3466 2420 3531 et
2490 3458 2781 3532 incerta.
2918 3458 3027 3531 Ex
3105 3460 3276 3550 ipsis
3359 3456 3581 3547 igitur

804 3695 815 3705 .
916 3587 1259 3661 historiae
1310 3586 1656 3665 fabularis
1711 3595 2109 3668 rationibus
2166 3596 2367 3669 nobis
2425 3602 2837 3688 argumenta
2903 3594 3337 3687 quaerenda,
3376 3612 3578 3684 quae

907 3723 1092 3798 forte
1151 3727 1245 3799 ad
1281 3728 1461 3803 hanc
1497 3732 1980 3821 quaestionem
2021 3734 2538 3809 diiudicandam
2595 3735 2864 3826 aliquid
2915 3736 3189 3830 possint
3238 3731 3579 3806 conferre.

907 3859 1018 3937 Ac
1069 3862 1407 3960 profecto,
1464 3869 1524 3940 si
1577 3870 1769 3962 ipsas
1825 3893 2062 3945 rerum
2120 3874 2561 3948 conditiones
2614 3893 2767 3946 cum
2833 3872 3234 3946 fabularum
3295 3870 3577 3943 illarum

904 4002 1300 4076 rationibus
1336 4005 1784 4103 conferimus,
1824 4012 1936 4085 vel
1973 4033 2105 4103 per
2142 4034 2217 4085 se
2258 4014 2430 4087 satis
2462 4012 2910 4106 conspicuum
2950 4010 3053 4105 fit,
3090 4008 3365 4082 fabulas
3401 4008 3575 4079 istas

903 4140 992 4211 ad
1029 4143 1330 4235 priscum
1389 4148 1772 4221 carminum
1819 4151 2173 4242 epicorum
2226 4173 2452 4241 genus
2507 4174 2669 4225 non
2720 4148 3454 4243 potuisse'pertinere
3488 4141 3570 4240 ἢ.

1111 4454 1176 4539 1)
1241 4454 1552 4522 Overb
1583 4458 1782 4535 eck,
1838 4462 2095 4527 Bildw.
2163 4482 2221 4524 z.
2287 4461 2471 4526 theb.
2522 4480 2587 4525 u.
2640 4466 2717 4526 tr.
2768 4456 3138 4524 Heldenkr.
3184 4478 3249 4541 p.
3294 4456 3423 4521 632
3466 4474 3569 4540 sq.

900 4536 1249 4621 Robert,
1302 4543 1448 4607 Bild
1494 4545 1631 4609 und
1679 4546 1860 4611 bied.
1905 4568 1974 4631 p.
2025 4552 2130 4614 58.
2187 4548 2294 4611 60.
2344 4547 2453 4611 72.
2511 4546 2622 4612 ¹75.
2730 4540 3348 4625 Luckenbach‚
3414 4544 3573 4605 Ver-

905 4626 1188 4693 baltniss
1233 4628 1352 4694 der
1396 4634 1641 4713 griech.
1747 4633 2196 4698 Vasenbilder
2257 4654 2341 4697 zu
2395 4635 2463 4700 d.
2539 4634 2913 4700 Gedichteu
2984 4633 3047 4697 d.
3116 4649 3221 4714 ep.
3292 4629 3564 4713 CycluS.

904 4712 985 4778 N.
1039 4716 1275 4781 Jahrb.
1325 4718 1374 4780 f.
1423 4718 1662 4783 Philol.
1711 4718 1778 4783 S.
1831 4721 1904 4787 B.
1949 4719 2071 4799 XI,
2122 4740 2188 4802 p.
2242 4720 2389 4784 574.

1097 4800 1163 4887 2)
1228 4802 1904 4869 ‘Wilamowitziua
1939 4806 2166 4885 ‚Horri-
2224 4806 2386 4871 Unt.
2430 4828 2495 4891 p.
2547 4808 2671 4871 363
2718 4808 2839 4871 bas
2891 4804 3300 4889 lliupersidis
3348 4810 3571 4886 partes

907 4888 1068 4953 satis
1112 4890 1490 4955 recentibus
1541 4894 1951 4975 temporibus
2011 4894 2097 4957 ab
2174 4894 2884 4958 Atheniensibus
2932 4892 3089 4976 ipsis
3137 4872 3602 4973 interpolatas

897 4990 1047 5041 esse
1091 4978 1394 5041 coniecit.
