4057 5790
1585 539 2045 608 ...3-

476 779 744 854 diserto
825 777 1180 852 Herodoti
1242 781 1649 884 testimonio
1707 779 2066 855 refellitur
2118 781 2205 868 V,
2268 785 2395 854 65:
2455 781 2565 852 ἐπὶ
2616 782 2848 852 τούτου
2910 781 2985 852 δὲ
3038 782 3151 854 καὶ

472 915 682 987 τώυτὸ
757 915 1010 1011 οὔνομα
1080 916 1664 1014 ἀπεμνημόνευσεν
1719 909 2167 1016 Ἱπποκράτης
2258 919 2357 1016 τῷ
2438 917 2623 990 παιδὶ
2706 916 2955 990 θέσθαι
3029 920 3140 991 τὸν

477 1051 963 1154 Πεισίστρατον,
1003 1056 1113 1127 ἐπὶ
1144 1061 1259 1127 τοῦ
1293 1050 1624 1154 Νέστορος
1662 1053 2131 1154 Πεισιστράτου
2166 1056 2554 1151 ποιεύμενος
2580 1050 2702 1154 τὴν
2732 1057 3144 1156 ἐπωνυμίην.

683 1227 832 1300 Alii
885 1233 964 1300 ut
1040 1234 1438 1319 temporum
1529 1226 1751 1317 ordo,
1795 1223 2325 1324 restitueretur,
2406 1231 2493 1303 de
2561 1230 2967 1324 PisistratO,
3058 1233 3147 1305 ol.

473 1362 646 1456 2¹7st
705 1389 801 1430 ==
853 1364 1002 1437 669
1069 1365 1408 1439 archonte
1472 1385 1815 1458 eponymo
1869 1365 2116 1460 (Paus.
2176 1365 2267 1440 II.
2324 1364 2553 1466 24,7),
2622 1369 3140 1460 cogitaverunt.

477 1504 619 1576 Sed
673 1503 783 1576 hic
837 1524 1008 1594 prae
1063 1504 1279 1575 nimia
1331 1511 1693 1578 senectute
1750 1525 1893 1578 non
1945 1505 2194 1600 magis,
2252 1527 2459 1596 quam
2508 1508 2741 1580 minor
2792 1507 2918 1580 ille
2973 1529 3145 1600 prae

475 1641 689 1714 nimia
732 1642 1101 1715 iuventute
1157 1642 1347 1715 bello
1398 1641 1814 1734 Megarensi
1865 1645 2215 1717 interesse
2266 1646 2520 1737 potuit.
2630 1643 2938 1718 Omnino
2976 1667 3145 1720 vero

472 1778 925 1865 Plutarchus,
983 1781 1047 1852 si
1095 1780 1312 1852 alium
1368 1779 1852 1874 Pisistratum,
1901 1789 2116 1873 atque
2175 1783 2717 1856 Atheniensium
2762 1791 3142 1874 tyrannum

471 1883 976 2004 intellexisset,
1031 1919 1279 2012 procul
1330 1919 1548 1993 dubio
1600 1921 1730 1994 hoc
1783 1921 1972 1994 clare
2027 1921 2518 2013 significasset.

677 2091 832 2165 Nec
884 2090 1200 2183 profecto
1257 2098 1388 2178 est,
1467 2111 1593 2165 cur
1643 2091 2095 2187 Pisistratus,
2176 2093 2633 2188 Hippocratis
2684 2095 2899 2189 filins,
2972 2096 3143 2189 quin

474 2231 664 2304 bello
720 2229 1114 2305 Salaminio
1163 2227 1630 2336 interfuerit„
1662 2229 1738 2301 in
1791 2229 2085 2303 dubium
2134 2225 2450 2306 vocetur.
2560 2231 2923 2308 Probatur
2976 2237 3141 2338 Plu-

474 2369 702 2444 tarchi
758 2369 937 2440 illud
992 2369 1474 2442 testimonium
1531 2388 1686 2442 cum
1743 2367 1832 2439 ab
1889 2368 2077 2462 aliis,
2131 2374 2279 2442 tum
2342 2391 2385 2442 a
2449 2371 2867 2462 gravissimo
2931 2377 3143 2468 scrip·

471 2513 626 2580 tore
679 2503 934 2580 Hero
959 2507 1180 2578 dot‘o
1236 2504 1293 2577 Ι.
1353 2507 1489 2578 59;
1543 2503 1754 2576 ἐδεῖτό
1803 2527 1876 2575 τε
1926 2504 2043 2575 τοῦ
2098 2502 2314 2603 δήμου
2360 2503 2883 2610 (Πεισίστρατος)
2920 2514 3139 2608 φυλα-

472 2645 596 2741 κῆς
671 2669 839 2720 τινος
915 2644 1082 2742 πρὸς
1158 2642 1360 2715 αὐτοῦ
1431 2649 1732 2742 κυρῆσαι,
1812 2645 2132 2742 πρότερον
2202 2641 2641 2744 εὐδοκιμήσας
2699 2649 2769 2719 ἐν
2826 2650 2915 2748 τῇ
2979 2651 3148 2749 πρὸς

471 2778 963 2882 Μεγαρέας
1033 2785 1358 2881 γενομένῃ
1429 2785 1836 2882 στρατηγίῃ,
1919 2779 1981 2854 N
2001 2785 2307 2854 ίσαιάν
2384 2807 2457 2855 τε
2540 2785 2713 2857 ἑλὼν
2784 2789 2893 2859 καὶ
2965 2787 3145 2860 ἄλλα

469 2906 958 3017 ἀποδεξάμενος
1012 2920 1276 3017 μεγάλα
1327 2920 1516 3020 ἔργα.
3125 2895 3133 2903 ⁸

670 3076 923 3169 Itaque
978 3097 1130 3152 cum
1189 3079 1276 3152 de
1330 3078 1706 3183 Pisistrati·
1750 3077 2205 3171 praefectura
2257 3080 2520 3171 ambigi
2580 3086 2911 3176 nequeat,
2978 3082 3141 3155 Plu-

463 3216 692 3289 tarchi
746 3220 1143 3308 temporum
1201 3217 1748 3311 descriptionem
1801 3240 1942 3291 non
1998 3239 2157 3291 esse
2211 3226 2497 3311 rectam,
2554 3220 2850 3310 cogitur.

667 3378 1024 3465 Grotius
1079 3388 1178 3484 (H
1234 3413 1302 3484 p.
1363 3392 1458 3463 17
1516 3412 1619 3483 sq.
1681 3388 1950 3488 Meiss)
2006 3392 2302 3483 quidem,
2330 3394 2648 3483 quamvis
2691 3396 2765 3467 in
2804 3402 3139 3488 corrupto

462 3531 842 3605 Plutarchi
890 3535 1284 3625 temporum
1339 3530 1586 3602 ordine
1627 3528 2030 3624 offenderit,
2078 3536 2317 3606 tamen
2356 3533 2683 3627 eundem,
2740 3540 2952 3626 atque
2989 3536 3167 3630 ille„

462 3671 787 3762 sequitur
840 3672 1017 3763 ipse.
1130 3669 1442 3745 Omnino
1500 3675 1770 3743 certum
1827 3677 1902 3744 ct
1965 3644 2332 3762 prop'rium
2384 3670 2721 3746 iudicium
2778 3675 2864 3747 de
2920 3674 3137 3748 rebus

459 3810 589 3883 hoc
659 3808 851 3882 bello
924 3811 1144 3901 gestis
1213 3784 1398 3903 apud
1465 3806 1798 3884 Grotium
1879 3808 2353 3884 desideratur.
2461 3807 2737 3884 Sufficit
2820 3814 2887 3885 ei
2972 3813 3139 3907 Plu-

461 3949 689 4022 tarchi
747 3949 1227 4023 narrationem
1285 3967 1440 4024 cum
1497 3946 1826 4021 omnibus
1897 3948 2393 4043 discrepantiis
2462 3970 2543 4023 ac
2601 3949 3137 4032 diversitatibus

459 4092 786 4181 repetere
858 4106 986 4163 nec
1067 4108 1242 4178 quas
1323 4088 1623 4179 praebet
1681 4085 2107 4161 offensiones
2187 4087 2444 4161 tollere
2514 4096 2638 4162 aut
2702 4090 2877 4163 certi
2941 4092 3138 4181 quid-

459 4247 668 4317 quam
754 4232 1071 4301 statuere
1145 4230 1444 4300 conatur
1521 4226 1698 4320 ipse.
1805 4225 2016 4317 Quod
2080 4224 2169 4298 ad
2247 4224 2601 4301 Herodoti
2683 4228 2863 4301 illud
2943 4231 3141 4304 testi-

461 4364 768 4467 monium
858 4364 944 4436 de
1034 4362 1401 4436 Pisistrati
1483 4363 1781 4457 imperio
1832 4363 2115 4455 attinet,
2196 4362 2495 4438 Grotius
2574 4386 2732 4439 eum
2778 4370 3135 4459 posterius

460 4503 811 4592 quoddam
894 4504 1089 4579 inter
1162 4501 1641 4575 Athenienses
1712 4506 1787 4573 et
1849 4498 2318 4593 Megarenses
2374 4502 2641 4577 bellum
2694 4504 3134 4582 intellexisse

458 4641 886 4733 suspicatur.
995 4638 1109 4712 De
1181 4640 1340 4733 ipso
1395 4638 1770 4713 Herodoto
1827 4639 1954 4713 ille
2009 4639 2184 4715 haec
2252 4638 2422 4716 facit
2473 4640 2695 4716 verba
2748 4645 2922 4747 satis
2977 4665 3133 4737 per-

459 4780 666 4871 plexa
726 4782 793 4853 II
860 4804 930 4875 p.
983 4780 1168 4851 120:
1256 4778 1358 4871 ,In
1441 4776 1571 4851 der
1632 4774 2079 4869 Auffassung
2139 4776 2267 4851 des
2328 4776 2657 4853 Herodot
2748 4782 2892 4854 und
2948 4784 3131 4860 nach

457 4916 642 5011 dem,
715 4938 858 4990 was
938 4904 1049 4991 ich
1133 4917 1342 4990 einen
1421 4914 1692 4989 Fehler
1745 4916 1819 4988 in
1876 4917 2117 4991 seiner
2168 4914 2645 5010 Chronologie
2704 4942 2790 4993 zu
2844 4941 3127 4995 nennen
