4057 5790
1742 1535 1877 1650 II.

675 1933 779 2010 Ut
831 1931 1142 2022 Nisaeae
1198 1930 1678 2023 occupationis
1731 1931 1834 2003 ita
1893 1931 2004 2004 vel
2061 1931 2244 2006 alius
2311 1935 2724 2025 praeclarae
2787 1951 3142 2027 expugna·

467 2072 710 2166 tionis,
772 2071 1155 2144 Pisistrato
1209 2069 1385 2143 duce
1443 2066 1829 2163 confectae,
1884 2070 2227 2142 memoria
2280 2093 2420 2144 non
2479 2073 2618 2145 nisi
2666 2071 3141 2147 Herodoti

465 2211 873 2284 testimonio
929 2210 1218 2283 devenit
1283 2209 1373 2283 ad
1427 2231 1579 2282 nos,
1704 2205 1972 2283 Narrat
2024 2213 2211 2284 enim
2284 2212 2396 2285 hic
2446 2207 2575 2310 (V,
2616 2212 2747 2311 94)
2800 2212 3139 2308 Hippiam

465 2347 1003 2424 Lacedaemone
1061 2348 1564 2441 discedentem,
1646 2351 1966 2439 quamvis
2030 2354 2399 2445 AmyntaS,
2472 2313 2943 2425 Macedonum
3015 2372 3141 2424 rex

467 2487 1028 2562 Anthemuntem
1070 2489 1539 2579 Thessalique
1592 2486 1859 2563 Iolcum
1915 2490 1981 2562 ei
2019 2490 2475 2584 obtulissent,
2512 2488 2863 2582 Sigeum
2901 2494 3138 2564 tamen

463 2628 888 2720 revertisse,
958 2627 1145 2718 quod
1213 2625 1639 2700 Pisistratus
1720 2627 1909 2699 bello
1982 2649 2024 2698 a
2092 2625 2559 2720 Mytilenaeis
2633 2634 3140 2721 expugnatum,

466 2765 992 2858 Hegesistrato,
1030 2764 1179 2838 filio
1217 2738 1346 2838 suo
1388 2766 1656 2857 spurio,
1693 2763 2127 2840 tradidisset,
2211 2763 2677 2857 Reliquorum
2719 2768 3137 2859 scriptorum

462 2869 880 2998 quicumque
935 2905 1130 2987 bella
1180 2906 1370 2978 inter
1419 2904 1906 2979 Athenienses
1953 2912 2030 2979 et
2079 2904 2559 2999 Mytilenaeos
2622 2912 2825 2996 gesta
2887 2927 3141 2979 memo·

469 3048 615 3121 riae
671 3048 1166 3141 prodiderunt,
1220 3045 1527 3117 militare
1582 3044 1711 3118 hoe
1763 3044 2133 3117 Pisistrati
2183 3042 2455 3119 facinus
2512 3064 2650 3117 non
2714 3045 3131 3135 attigerunt.

469 3185 743 3261 Unicus
789 3186 996 3258 testis
1045 3190 1278 3257 exstat
1327 3182 1764 3277 HerodotuS,
1811 3185 2013 3258 cuius
2055 3158 2535 3257 narrationem
2578 3204 2731 3256 cum
2777 3184 2914 3255 viri
2951 3183 3135 3257 docti

473 3331 870 3397 ceterorum
927 3324 1350 3416 scriptorum
1411 3324 1836 3397 testimoniis
1876 3323 2400 3399 accommodare
2439 3322 2833 3415 studerent,
2873 3324 3134 3415 omnia,

471 3482 650 3552 quae
725 3462 814 3534 iis
880 3432 967 3533 de
1024 3462 1240 3535 rebus
1296 3461 1594 3535 tradidit
1647 3462 1773 3535 ille
1846 3462 2222 3536 admodum
2288 3461 2630 3535 maledico
2696 3462 2911 3535 dente
2980 3480 3125 3535 car-

467 3608 789 3695 pserunt.
899 3600 1098 3692 Quae
1156 3602 1338 3674 ratio
1391 3592 1503 3675 vel
1551 3622 1593 3675 a
1649 3602 1996 3697 principio
2049 3600 2237 3675 falsa
2285 3602 2455 3674 mihi
2506 3600 2791 3673 videtur
2841 3622 3001 3672 esse
3036 3600 3139 3672 'ae

468 3762 824 3833 perversa.
947 3738 1130 3813 Nam
1192 3762 1610 3831 quamquam
1687 3761 1804 3834 ea,
1881 3761 2065 3832 quae
2136 3739 2552 3814 Herodotus
2616 3740 2704 3812 de
2772 3738 3136 3811 Pisistrati

468 3890 682 3962 rebus
737 3883 1079 3975 narravit,
1133 3882 1208 3953 in
1263 3883 1394 3956 hoc
1441 3881 1631 3953 libro
1678 3903 1816 3953 non
1864 3881 2111 3973 magiS,
2148 3901 2355 3970 quam
2391 3881 2467 3951 in
2507 3878 2735 3970 primo
2773 3877 2863 3948 ad
2901 3882 3134 3950 certos

468 4037 796 4101 auctores
878 4024 1196 4101 revocari
1260 4028 1624 4114 possunt,.
1680 4027 1915 4093 tamen
1987 4020 2155 4110 quin
2218 4022 2284 4091 ei
2351 4020 2425 4090 in
2488 4017 2663 4109 ipsis
2734 4016 2847 4088 his
2915 4014 3134 4089 rebus

472 4166 892 4240 enarrandis
965 4164 1080 4236 vel
1161 4162 1410 4255 optimi
1463 4159 1699 4234 fontes
1749 4157 2313 4249 suppeditarint,
2393 4161 2668 4229 tantum
2734 4155 2975 4247 abest,
3057 4160 3137 4224 ut

469 4306 813 4398 dubitem,
871 4309 951 4376 ut
1005 4300 1366 4374 Herodoti
1408 4299 1855 4391 narratione,
1912 4298 2097 4372 sieut
2152 4296 2587 4392 saepissime,
2646 4295 2747 4366 ita
2796 4296 3009 4367 etiam
3058 4291 3131 4363 in

344 4419 352 4427 ’
463 4446 576 4517 his
625 4444 836 4517 rebus
888 4440 1406 4518 constituendis
1453 4439 1570 4511 vel
1623 4440 1780 4530 ipso
1824 4436 2283 4509 fundamento
2340 4434 2541 4507 nobis
2597 4432 2936 4505 utendum
2976 4451 3135 4503 esse

467 4584 790 4657 iudicem.

670 4724 1110 4815 Quamquam
1168 4740 1347 4812 quae
1400 4717 1665 4791 nostris
1721 4713 2161 4809 temporibus
2228 4710 2313 4783 de
2377 4708 2525 4780 illis
2581 4703 3132 4778 Atheniensium

465 4864 674 4937 bellis
721 4864 1005 4956 prolata
1054 4866 1241 4945 sunt,
1293 4858 1482 4930 haud
1535 4856 1756 4946 magis
1804 4854 1944 4927 sibi
1982 4858 2337 4941 coustant,
2376 4868 2583 4937 quam
2628 4846 2782 4950 ipsa
2814 4849 3133 4916 veterum

2622 4980 2681 5035 1²²
