4057 5790
1957 555 2485 632 *84—

913 803 1179 894 optime
1213 808 1556 893 patescet,
1613 802 1676 874 si
1725 799 2063 876 Schoenii
2112 801 2336 894 ipsius
2382 803 3070 891 argumentationem
3124 805 3290 874 ante
3346 798 3591 874 oculos

922 940 1394 1033 posuerimus.
1505 936 1898 1012 Schoenius
1983 936 2361 1012 Strabonis
2446 939 2685 1012 verbis
2743 939 3061 1012 recitatis
3113 937 3284 1010 haec
3336 937 3595 1012 adiecit

912 1099 982 1170 p.
1040 1078 1234 1152 748:
1327 1049 1630 1168 ,¹Worte‚
1693 1077 1809 1150 die
1865 1077 2234 1150 Kramer
2287 1076 2422 1150 Bd.
2483 1075 2519 1150 1
2570 1077 2792 1172 praef.
2848 1099 2918 1169 p.
2978 1075 3394 1150 LXXXVII
3448 1075 3593 1148 und

913 1219 1036 1308 111,
1087 1237 1157 1307 p.
1219 1216 1316 1288 35
1391 1216 1521 1287 mit
1595 1213 1827 1288 Recht
1903 1215 2014 1287 als
2101 1215 2241 1288 den
2320 1215 2941 1308 Zusammenhang
3028 1218 3153 1292 des
3194 1214 3441 1290 Satzes
3480 1236 3597 1306 ge·

911 1353 1230 1426 waltsam
1328 1353 1903 1427 unterbrechend
1985 1354 2294 1428 erkannt
2375 1354 2522 1428 hat.
2632 1352 2757 1428 Sie
2838 1356 3262 1430 erscheinen
3317 1353 3425 1426 als
3478 1353 3593 1425 die

913 1487 1569 1582 Randbemerkung
1627 1491 1824 1566 eines
1879 1489 2169 1578 Lesers,
2225 1492 2379 1566 dem
2433 1492 2559 1566 das
2614 1492 3053 1567 betreffende
3112 1490 3418 1566 Gedicht
3470 1489 3595 1562 des

919 1628 1240 1706 Alcaeus·
1281 1629 1576 1720 vorlag.‘
1708 1630 1816 1702 Ac
1863 1631 2105 1724 paullo
2156 1630 2379 1704 infra:
2450 1631 2619 1723 ‚Die
2674 1632 2949 1723 einzige
2990 1631 3275 1722 Quelle,
3333 1630 3593 1704 welche
3678 1637 3685 1647 '

922 1769 1058 1842 den
1091 1766 1338 1844 Unfall
1377 1768 1503 1840 des
1549 1767 1848 1840 Alcaeus
1887 1769 2017 1840 mit
2054 1769 2321 1844 diesem
2360 1766 2664 1860 Kampfe
2699 1770 2773 1842 in
2814 1767 3295 1860 Verbindung
3328 1768 3594 1861 bringt‚

919 1908 1018 1980 ist
1071 1905 1384 1980 strabon
1442 1906 1585 1978 und
1639 1905 1756 1980 bei
1811 1905 1954 1979 ihm
2009 1907 2109 1980 ist
2157 1907 2272 1979 die
2328 1905 2767 1980 betreffende
2818 1905 3048 1981 Stelle
3088 1906 3411 1980 offenbar
3444 1907 3598 1980 hin·

927 2044 1506 2136 eininterpolirt.‘
1635 2043 2026 2118 Praeterea
2101 2044 2299 2134 apud
2378 2041 2803 2117 Schoenium
2882 2044 3063 2156 nihil
3148 2044 3235 2116 de
3314 2044 3445 2120 hac
3516 2066 3595 2116 re

913 2184 1254 2275 scriptum
1336 2187 1450 2254 est
1512 2199 1639 2255 uec
1689 2181 2085 2254 Kramerus
2137 2182 2289 2275 ipse
2338 2186 2763 2254 sententiam
2814 2203 3011 2255 suam
3072 2181 3217 2254 ullo
3267 2180 3601 2274 probavit

911 2326 1352 2413 argumento.

1120 2459 1225 2579 A?
1326 2458 1611 2550 singula
1717 2458 2063 2532 orationis
2180 2455 2704 2533 Strabonianae
2826 2460 3145 2536 membra
3232 2460 3296 2532 si
3403 2465 3597 2534 recte

919 2619 1046 2694 per
1098 2605 1304 2672 notas
1359 2597 1889 2672 distinxerimus
1921 2652 1941 2690 ‚
2021 2597 2289 2670 Kram
2313 2600 2453 2670 eri
2506 2601 2981 2691 suspicionem
3039 2609 3333 2691 prorsu's
3384 2597 3599 2672 imbe-

915 2738 1152 2812 cillam
1229 2759 1386 2810 esse
1441 2736 1714 2827 liquido
1780 2736 2193 2832 apparebit;
2239 2732 2297 2828 ¹)
2406 2731 2725 2813 Πιττακὸς
2776 2731 2827 2808 δ’
2892 2739 2927 2807 ὁ
2983 2731 3449 2834 Μυτιληναῖος,
3506 2735 3600 2809 εἷς

917 2884 1050 2947 τῶν
1124 2873 1294 2946 ἑπτὰ
1359 2883 1586 2971 σοφῶν
1652 2873 2067 2969 λεγομένων,
2144 2874 2442 2951 πλεύσας
2496 2874 2604 2946 ἐπὶ
2659 2870 2988 2973 Φρύνωνα
3041 2873 3408 2974 στρατηγὸν
3464 2871 3597 2943 διε-

917 3014 1196 3107 πολέμει
1243 3014 1414 3089 τέως
1457 3010 1768 3089 διατιθεὶς
1815 3012 1925 3083 καὶ
1975 2986 2258 3107 ἆτάσχων
2310 3020 2563 3095 κακῶς,
2616 3014 2728 3083 ὅτε
2777 3014 2887 3085 καὶ
2939 3008 3254 3090 Ἀλκαῖός
3304 3038 3499 3111 φησιν
3556 3014 3591 3081 ὅ

919 3153 1201 3248 ποιητὴς
1227 3152 1464 3223 ἑαυτὸν
1495 3150 1562 3220 ἔν
1590 3175 1705 3221 τινι
1732 3150 1936 3245 ἀγῶνι
1969 3160 2191 3227 κακῶς
2235 3153 2598 3249 φερόμενον
2631 3128 2717 3221 τά
2766 3152 2947 3223 ὅπλα
3002 3152 3287 3248 ῥίψαντα
3340 3156 3591 3248 φυγεῖν,

917 3291 1128 3387 (λέγει
1193 3288 1268 3360 δὲ
1317 3292 1483 3387 πρός
1544 3313 1688 3359 τινα
1741 3289 1994 3386 κήρυκα
2048 3289 2371 3366 κελεύσας
2426 3290 2738 3385 ἀγγεῖλαι
2798 3298 2931 3367 τοῖς
2984 3291 3054 3361 ἐν
3107 3291 3291 3387 οἴκῳ·
3402 3285 3589 3384 ,Ἀλ-

923 3414 1109 3505 zaroc
1155 3482 1171 3498 .
1233 3482 1248 3497 .
1311 3420 1656 3515 Ἀττικοὶί)
1705 3424 1974 3525 ὕστερον
2056 3422 2106 3497 δ’
2170 3428 2241 3499 ἐκ
2298 3433 2733 3524 μονομαχίας,
2806 3429 3397 3527 προκαλεσαμένου
3476 3433 3592 3499 τοῦ

918 3562 1289 3663 Φρύνωνος,
1371 3564 1732 3661 ἁλιευτικὴν
1783 3563 2439 3664 ἀναλαβὼν-σκευὴν
2492 3568 2886 3666 συνέδραμε,
2968 3570 3078 3641 καὶ
3126 3568 3227 3665 τῷ
3283 3566 3403 3660 μὲν
3460 3566 3593 3659 ἀμ.-

917 3702 1304 3803 φιβλήστρῳ
1349 3700 1708 3804 περιέβαλε
1757 3702 1844 3799 τῇ
1897 3704 2157 3800 τριαίνῃ
2216 3702 2291 3773 δὲ
2344 3706 2453 3775 καὶ
2508 3706 2609 3803 τῷ
2664 3704 2921 3803 ξιφιδίῳ
2992 3704 3214 3803 ἔπειρε
3265 3696 3375 3775 καὶ
3414 3703 3591 3773 ἀνεῖ-

919 3842 1016 3913 λε·
1085 3843 1392 3936 μένοντος
1471 3836 1520 3912 δ’
1607 3839 1700 3911 ἔτι
1763 3847 1880 3911 τοῦ
1939 3841 2238 3935 πολέμου
2286 3838 2696 3941 Περίανδρος
2742 3843 3081 3941 διαιτητὴς
3130 3841 3422 3940 αἱρεθεὶς
3462 3842 3593 3913 ὑπὸ

921 3980 1168 4078 ἀμφοῖν
1219 3980 1413 4052 ἔλυσε
1457 3980 1566 4051 τὸν
1613 3980 1932 4075 πόλεμον.
2041 3980 2467 4056 Strabonem
2531 3983 2812 4073 quidem
2862 3984 2975 4057 hic
3014 4004 3208 4056 more
3254 4003 3385 4054 suo
3426 4002 3593 4053 non·

920 4122 1122 4198 nulla
1202 4122 1508 4195 orationi
1585 4120 2107 4212 interposuisse
2185 4142 2327 4193 non
2414 4140 2619 4211 nego.
2756 4116 2901 4193 Sed
2972 4142 3153 4209 quae
3235 4117 3594 4192 interiecit

919 4261 1094 4334 haec
1173 4266 1378 4331 sunt:
1454 4257 1778 4351 λέγει-
1841 4250 2148 4328 Ἀττικοί.
2257 4257 2557 4331 Minime
2637 4280 2805 4331 vero
2863 4258 3339 4349 parenthesiS,
3412 4278 3591 4347 quae

925 4404 1242 4491 vocatur,
1317 4398 1568 4488 incipit
1618 4419 1661 4470 a
1713 4397 1999 4503 verbis:
2059 4396 2167 4466 ὅτε
2220 4396 2328 4465 καὶ
2372 4390 2687 4471 Ἀλκαῖος
2738 4418 2867 4489 sq.,
2933 4418 3111 4486 quae
3170 4396 3389 4469 verba
3434 4416 3588 4469 cum

1162 4600 1228 4611 0—

1127 4706 1195 4787 1)
1267 4706 1465 4789 Apud
1515 4706 2008 4773 Kramerum
2059 4709 2123 4772 id
2172 4709 2539 4774 admodum
2584 4724 2790 4792 prave
2824 4708 3073 4773 factum
3106 4712 3208 4770 est
3273 4706 3437 4786 (vol.
3500 4706 3593 4769 111

923 4812 984 4872 p.
1036 4792 1170 4869 34).
1240 4790 1449 4856 Cuius
1521 4795 1888 4879 scripturae
1953 4812 2031 4857 se
2077 4797 2519 4879 applicavisse
2590 4795 3037 4876 Bergkium
3120 4794 3194 4857 P.
3244 4792 3314 4857 L.
3361 4793 3440 4858 G.
3496 4791 3591 4857 111

923 4898 986 4961 p.
1031 4878 1155 4942 159
1221 4879 1451 4943 miror.
1561 4880 2028 4945 Meinekius
2088 4882 2363 4963 quidem
2413 4884 2617 4947 verba
2684 4901 2726 4945 a
2790 4881 3117 4945 Kremero
3177 4879 3242 4942 in
3312 4880 3589 4945 dubium

923 4970 1158 5028 vocata
1205 4984 1288 5028 ne
1331 4967 1398 5029 in
1445 4966 1748 5031 ordinem
1797 4966 2156 5032 verborum
2206 4970 2477 5053 quidem
2526 4966 2965 5050 recepit.(111,
3017 4988 3076 5050 p.
3132 4966 3306 5047 840).
