<?xml version="1.0" encoding="UTF-8"?>
<!DOCTYPE html PUBLIC "-//W3C//DTD XHTML 1.0 Transitional//EN"
    "http://www.w3.org/TR/xhtml1/DTD/xhtml1-transitional.dtd">
<html xmlns="http://www.w3.org/1999/xhtml" xml:lang="en" lang="en">
 <head>
  <title>
</title>
<meta http-equiv="Content-Type" content="text/html;charset=utf-8" />
  <meta name='ocr-system' content='tesseract 3.04.00' />
  <meta name='ocr-capabilities' content='ocr_page ocr_carea ocr_par ocr_line ocrx_word'/>
</head>
<body>
  <div class='ocr_page' id='page_1' title='image "./quaestionespisi00toepgoog_0018.png"; bbox 0 0 4057 5790; ppageno 0'>
   <div class='ocr_carea' id='block_1_1' title="bbox 1999 579 2454 646">
    <p class='ocr_par' dir='ltr' id='par_1_1' title="bbox 1999 579 2454 646">
     <span class='ocr_line' id='line_1_1' title="bbox 1999 579 2454 646; baseline 0 -12"><span class='ocrx_word' id='word_1_1' title='bbox 1999 579 2454 646; x_wconf 71' lang='grc'>...6-</span> 
     </span>
    </p>
   </div>
   <div class='ocr_carea' id='block_1_2' title="bbox 888 817 3562 1738">
    <p class='ocr_par' dir='ltr' id='par_1_2' title="bbox 888 817 3562 1738">
     <span class='ocr_line' id='line_1_2' title="bbox 888 817 3551 909; baseline 0 -21"><span class='ocrx_word' id='word_1_2' title='bbox 888 817 1311 890; x_wconf 88' lang='lat' dir='ltr'><strong>nistratione</strong></span> <span class='ocrx_word' id='word_1_3' title='bbox 1403 817 1875 903; x_wconf 82' lang='lat' dir='ltr'><strong>tradiderint,</strong></span> <span class='ocrx_word' id='word_1_4' title='bbox 1967 817 2445 909; x_wconf 80' lang='lat' dir='ltr'><strong>perlustrabo,</strong></span> <span class='ocrx_word' id='word_1_5' title='bbox 2586 817 2889 890; x_wconf 81' lang='lat' dir='ltr'>Praeter</span> <span class='ocrx_word' id='word_1_6' title='bbox 2978 817 3551 890; x_wconf 84' lang='lat' dir='ltr'><strong>Plutarchum</strong></span> 
     </span>
     <span class='ocr_line' id='line_1_3' title="bbox 892 951 3558 1052; baseline -0 -25"><span class='ocrx_word' id='word_1_7' title='bbox 892 953 1077 1042; x_wconf 83' lang='lat' dir='ltr'><strong>(Sol.</strong></span> <span class='ocrx_word' id='word_1_8' title='bbox 1137 951 1372 1052; x_wconf 83' lang='lat'>8-9)</span> <span class='ocrx_word' id='word_1_9' title='bbox 1429 977 1572 1028; x_wconf 90' lang='lat' dir='ltr'><strong>rem</strong></span> <span class='ocrx_word' id='word_1_10' title='bbox 1627 962 2356 1030; x_wconf 86' lang='lat' dir='ltr'><strong>commemoraverunt</strong></span> <span class='ocrx_word' id='word_1_11' title='bbox 2436 955 2936 1049; x_wconf 83' lang='lat' dir='ltr'><strong>Polyaenus</strong></span> <span class='ocrx_word' id='word_1_12' title='bbox 3000 955 3054 1029; x_wconf 89' lang='grc' dir='ltr'>Ι.</span> <span class='ocrx_word' id='word_1_13' title='bbox 3139 956 3239 1026; x_wconf 88' lang='grc'>20</span> <span class='ocrx_word' id='word_1_14' title='bbox 3292 955 3338 1048; x_wconf 62' lang='lat'>3²</span> <span class='ocrx_word' id='word_1_15' title='bbox 3394 959 3438 1026; x_wconf 85' lang='lat'><strong>2</strong></span> <span class='ocrx_word' id='word_1_16' title='bbox 3484 962 3558 1026; x_wconf 89' lang='lat' dir='ltr'>et</span> 
     </span>
     <span class='ocr_line' id='line_1_4' title="bbox 890 1091 3561 1186; baseline 0 -22"><span class='ocrx_word' id='word_1_17' title='bbox 890 1092 1345 1166; x_wconf 84' lang='lat' dir='ltr'><strong>Aelianus</strong></span> <span class='ocrx_word' id='word_1_18' title='bbox 1397 1116 1460 1164; x_wconf 89' lang='lat' dir='ltr'>v.</span> <span class='ocrx_word' id='word_1_19' title='bbox 1518 1092 1586 1164; x_wconf 90' lang='lat' dir='ltr'>h.</span> <span class='ocrx_word' id='word_1_20' title='bbox 1649 1091 1805 1165; x_wconf 91' lang='lat' dir='ltr'><strong>VII.</strong></span> <span class='ocrx_word' id='word_1_21' title='bbox 1865 1095 1985 1166; x_wconf 83' lang='lat'>19.</span> <span class='ocrx_word' id='word_1_22' title='bbox 2082 1093 2282 1186; x_wconf 83' lang='lat' dir='ltr'><strong>Quae</strong></span> <span class='ocrx_word' id='word_1_23' title='bbox 2335 1094 2741 1166; x_wconf 84' lang='lat' dir='ltr'><strong>testimonia</strong></span> <span class='ocrx_word' id='word_1_24' title='bbox 2794 1095 3056 1166; x_wconf 87' lang='lat' dir='ltr'><strong>acriter</strong></span> <span class='ocrx_word' id='word_1_25' title='bbox 3102 1094 3289 1165; x_wconf 90' lang='lat' dir='ltr'><strong>inter</strong></span> <span class='ocrx_word' id='word_1_26' title='bbox 3336 1114 3413 1164; x_wconf 88' lang='lat' dir='ltr'>se</span> <span class='ocrx_word' id='word_1_27' title='bbox 3466 1093 3561 1165; x_wconf 88' lang='lat' dir='ltr'>di-</span> 
     </span>
     <span class='ocr_line' id='line_1_5' title="bbox 889 1230 3562 1325; baseline -0 -23"><span class='ocrx_word' id='word_1_28' title='bbox 889 1232 1251 1321; x_wconf 86' lang='lat' dir='ltr'><strong>iungeuda</strong></span> <span class='ocrx_word' id='word_1_29' title='bbox 1305 1239 1494 1304; x_wconf 85' lang='lat' dir='ltr'><strong>suut.</strong></span> <span class='ocrx_word' id='word_1_30' title='bbox 1601 1232 1883 1325; x_wconf 79' lang='lat' dir='ltr'><strong>Quippe</strong></span> <span class='ocrx_word' id='word_1_31' title='bbox 1963 1235 2280 1306; x_wconf 85' lang='lat' dir='ltr'><strong>narratio</strong></span> <span class='ocrx_word' id='word_1_32' title='bbox 2338 1231 2689 1307; x_wconf 86' lang='lat' dir='ltr'><strong>Aeliauea</strong></span> <span class='ocrx_word' id='word_1_33' title='bbox 2744 1273 2833 1286; x_wconf 91' lang='lat'>--</span> <span class='ocrx_word' id='word_1_34' title='bbox 2896 1235 2982 1306; x_wconf 87' lang='lat' dir='ltr'>de</span> <span class='ocrx_word' id='word_1_35' title='bbox 3038 1254 3175 1323; x_wconf 89' lang='lat' dir='ltr'><strong>qua</strong></span> <span class='ocrx_word' id='word_1_36' title='bbox 3228 1230 3415 1305; x_wconf 84' lang='lat' dir='ltr'><strong>infra</strong></span> <span class='ocrx_word' id='word_1_37' title='bbox 3468 1235 3562 1302; x_wconf 91' lang='lat' dir='ltr'>vi-</span> 
     </span>
     <span class='ocr_line' id='line_1_6' title="bbox 893 1368 3559 1462; baseline 0 -22"><span class='ocrx_word' id='word_1_38' title='bbox 893 1368 1212 1441; x_wconf 85' lang='lat' dir='ltr'><strong>debimus</strong></span> <span class='ocrx_word' id='word_1_39' title='bbox 1269 1411 1370 1422; x_wconf 93' lang='lat'>——</span> <span class='ocrx_word' id='word_1_40' title='bbox 1425 1393 1511 1442; x_wconf 85' lang='lat' dir='ltr'>ex</span> <span class='ocrx_word' id='word_1_41' title='bbox 1563 1373 1834 1462; x_wconf 75' lang='lat' dir='ltr'><strong>eodem,</strong></span> <span class='ocrx_word' id='word_1_42' title='bbox 1913 1379 2128 1462; x_wconf 86' lang='lat' dir='ltr'><strong>atque</strong></span> <span class='ocrx_word' id='word_1_43' title='bbox 2185 1373 2415 1444; x_wconf 86' lang='lat' dir='ltr'><strong>altera</strong></span> <span class='ocrx_word' id='word_1_44' title='bbox 2468 1371 2897 1445; x_wconf 85' lang='lat' dir='ltr'><strong>Plutarchea</strong></span> <span class='ocrx_word' id='word_1_45' title='bbox 2972 1371 3167 1444; x_wconf 81' lang='lat' dir='ltr'><strong>fonte</strong></span> <span class='ocrx_word' id='word_1_46' title='bbox 3223 1371 3559 1460; x_wconf 78' lang='lat' dir='ltr'><strong>manavit,</strong></span> 
     </span>
     <span class='ocr_line' id='line_1_7' title="bbox 889 1506 3560 1600; baseline 0 -22"><span class='ocrx_word' id='word_1_47' title='bbox 889 1506 1295 1599; x_wconf 86' lang='lat' dir='ltr'><strong>Polyaenus</strong></span> <span class='ocrx_word' id='word_1_48' title='bbox 1345 1530 1512 1580; x_wconf 91' lang='lat' dir='ltr'><strong>vero</strong></span> <span class='ocrx_word' id='word_1_49' title='bbox 1567 1509 1874 1600; x_wconf 85' lang='lat' dir='ltr'><strong>priorem</strong></span> <span class='ocrx_word' id='word_1_50' title='bbox 1929 1508 2301 1583; x_wconf 82' lang='lat' dir='ltr'><strong>Plutarchi</strong></span> <span class='ocrx_word' id='word_1_51' title='bbox 2354 1509 2775 1596; x_wconf 83' lang='lat' dir='ltr'><strong>relationem</strong></span> <span class='ocrx_word' id='word_1_52' title='bbox 2832 1509 3207 1600; x_wconf 85' lang='lat' dir='ltr'><strong>expressit.</strong></span> <span class='ocrx_word' id='word_1_53' title='bbox 3316 1507 3560 1598; x_wconf 75' lang='lat' dir='ltr'><strong>Quod,</strong></span> 
     </span>
     <span class='ocr_line' id='line_1_8' title="bbox 893 1644 3562 1738; baseline 0 -22"><span class='ocrx_word' id='word_1_54' title='bbox 893 1646 954 1716; x_wconf 88' lang='lat' dir='ltr'>si</span> <span class='ocrx_word' id='word_1_55' title='bbox 1007 1644 1358 1738; x_wconf 84' lang='lat' dir='ltr'><strong>Polyaeni</strong></span> <span class='ocrx_word' id='word_1_56' title='bbox 1413 1652 1843 1738; x_wconf 78' lang='lat' dir='ltr'><strong>strategema</strong></span> <span class='ocrx_word' id='word_1_57' title='bbox 1905 1646 2191 1722; x_wconf 85' lang='lat' dir='ltr'><strong>Solonis</strong></span> <span class='ocrx_word' id='word_1_58' title='bbox 2246 1667 2399 1722; x_wconf 86' lang='lat' dir='ltr'>cum</span> <span class='ocrx_word' id='word_1_59' title='bbox 2458 1649 2865 1721; x_wconf 86' lang='lat' dir='ltr'><strong>narratione</strong></span> <span class='ocrx_word' id='word_1_60' title='bbox 2918 1645 3352 1720; x_wconf 82' lang='lat' dir='ltr'><strong>Plutarchea</strong></span> <span class='ocrx_word' id='word_1_61' title='bbox 3406 1663 3562 1718; x_wconf 89' lang='lat' dir='ltr'><strong>con·</strong></span> 
     </span>
    </p>
   </div>
   <div class='ocr_carea' id='block_1_3' title="bbox 847 1784 2125 2572">
    <p class='ocr_par' dir='ltr' id='par_1_3' title="bbox 847 1784 2125 2572">
     <span class='ocr_line' id='line_1_9' title="bbox 893 1784 2022 1878; baseline 0.002 -23"><span class='ocrx_word' id='word_1_62' title='bbox 893 1784 1288 1878; x_wconf 82' lang='lat' dir='ltr'><strong>tulerimuS‚</strong></span> <span class='ocrx_word' id='word_1_63' title='bbox 1343 1785 1613 1874; x_wconf 85' lang='lat' dir='ltr'><strong>liquido</strong></span> <span class='ocrx_word' id='word_1_64' title='bbox 1667 1792 2022 1878; x_wconf 85' lang='lat' dir='ltr'><strong>patescet:</strong></span> 
     </span>
     <span class='ocr_line' id='line_1_10' title="bbox 1223 1920 1811 1996; baseline 0 -1"><span class='ocrx_word' id='word_1_65' title='bbox 1223 1920 1811 1996; x_wconf 83' lang='lat' dir='ltr'><strong>Plutarchus</strong></span> 
     </span>
     <span class='ocr_line' id='line_1_11' title="bbox 892 2054 2123 2152; baseline 0.002 -26"><span class='ocrx_word' id='word_1_66' title='bbox 892 2055 1176 2152; x_wconf 79' lang='grc' dir='ltr'>(Σόλων)</span> <span class='ocrx_word' id='word_1_67' title='bbox 1255 2059 1556 2134; x_wconf 83' lang='grc' dir='ltr'>πλεύσας</span> <span class='ocrx_word' id='word_1_68' title='bbox 1628 2059 1736 2130; x_wconf 82' lang='grc' dir='ltr'>ἐπὶ</span> <span class='ocrx_word' id='word_1_69' title='bbox 1797 2054 2123 2130; x_wconf 82' lang='grc' dir='ltr'>Κωλιάδα</span> 
     </span>
     <span class='ocr_line' id='line_1_12' title="bbox 892 2193 2121 2295; baseline 0.002 -29"><span class='ocrx_word' id='word_1_70' title='bbox 892 2195 1058 2289; x_wconf 75' lang='grc' dir='ltr'>μετὰ</span> <span class='ocrx_word' id='word_1_71' title='bbox 1093 2203 1208 2268; x_wconf 83' lang='grc' dir='ltr'>τοῦ</span> <span class='ocrx_word' id='word_1_72' title='bbox 1253 2193 1714 2295; x_wconf 60' lang='grc' dir='ltr'>Πεισιστράτω</span> <span class='ocrx_word' id='word_1_73' title='bbox 1753 2198 1862 2268; x_wconf 84' lang='grc' dir='ltr'>καὶ</span> <span class='ocrx_word' id='word_1_74' title='bbox 1910 2221 2121 2268; x_wconf 90' lang='grc' dir='ltr'>κατα-</span> 
     </span>
     <span class='ocr_line' id='line_1_13' title="bbox 890 2331 2123 2434; baseline 0.002 -30"><span class='ocrx_word' id='word_1_75' title='bbox 890 2331 1122 2434; x_wconf 83' lang='grc' dir='ltr'>λαβὼν</span> <span class='ocrx_word' id='word_1_76' title='bbox 1194 2333 1428 2406; x_wconf 81' lang='grc' dir='ltr'>αὐτόθι</span> <span class='ocrx_word' id='word_1_77' title='bbox 1520 2337 1744 2412; x_wconf 85' lang='grc' dir='ltr'>πάσας</span> <span class='ocrx_word' id='word_1_78' title='bbox 1823 2335 1939 2412; x_wconf 75' lang='grc' dir='ltr'>τὰς</span> <span class='ocrx_word' id='word_1_79' title='bbox 2003 2361 2123 2430; x_wconf 91' lang='grc' dir='ltr'>γυ-</span> 
     </span>
     <span class='ocr_line' id='line_1_14' title="bbox 847 2470 2125 2572; baseline 0.001 -31"><span class='ocrx_word' id='word_1_80' title='bbox 847 2505 852 2515; x_wconf 93' lang='grc'>·</span> <span class='ocrx_word' id='word_1_81' title='bbox 894 2479 1126 2549; x_wconf 88' lang='grc' dir='ltr'>ναῖκας</span> <span class='ocrx_word' id='word_1_82' title='bbox 1179 2475 1267 2572; x_wconf 79' lang='grc' dir='ltr'>τῇ</span> <span class='ocrx_word' id='word_1_83' title='bbox 1320 2470 1620 2572; x_wconf 80' lang='grc' dir='ltr'>Δήμητρι</span> <span class='ocrx_word' id='word_1_84' title='bbox 1681 2476 1799 2572; x_wconf 83' lang='grc' dir='ltr'>τὴν</span> <span class='ocrx_word' id='word_1_85' title='bbox 1855 2475 2125 2572; x_wconf 89' lang='grc' dir='ltr'>πάτριον</span> 
     </span>
    </p>
   </div>
   <div class='ocr_carea' id='block_1_4' title="bbox 899 2611 2127 2718">
    <p class='ocr_par' dir='ltr' id='par_1_4' title="bbox 899 2611 2127 2718">
     <span class='ocr_line' id='line_1_15' title="bbox 899 2611 2127 2718; baseline 0.002 -38"><span class='ocrx_word' id='word_1_86' title='bbox 899 2611 1130 2682; x_wconf 88' lang='grc' dir='ltr'>θυσίαν</span> <span class='ocrx_word' id='word_1_87' title='bbox 1153 2612 1583 2688; x_wconf 76' lang='grc' dir='ltr'>ἐπιτελούσας</span> <span class='ocrx_word' id='word_1_88' title='bbox 1601 2611 1894 2718; x_wconf 73' lang='grc' dir='ltr'>ἔπεμψεν</span> <span class='ocrx_word' id='word_1_89' title='bbox 1916 2611 2127 2709; x_wconf 79' lang='grc' dir='ltr'>ἄνδρα</span> 
     </span>
    </p>
   </div>
   <div class='ocr_carea' id='block_1_5' title="bbox 896 2747 2145 2848">
    <p class='ocr_par' dir='ltr' id='par_1_5' title="bbox 896 2747 2145 2848">
     <span class='ocr_line' id='line_1_16' title="bbox 896 2747 2145 2848; baseline 0 -28"><span class='ocrx_word' id='word_1_90' title='bbox 896 2749 1117 2820; x_wconf 74' lang='grc' dir='ltr'>πιστόν</span> <span class='ocrx_word' id='word_1_91' title='bbox 1175 2751 1265 2826; x_wconf 81' lang='grc' dir='ltr'>εἰς</span> <span class='ocrx_word' id='word_1_92' title='bbox 1311 2747 1666 2844; x_wconf 87' lang='grc' dir='ltr'>Σαλαμῖνα</span> <span class='ocrx_word' id='word_1_93' title='bbox 1717 2751 2145 2848; x_wconf 90' lang='grc' dir='ltr'>προσποιού--</span> 
     </span>
    </p>
   </div>
   <div class='ocr_carea' id='block_1_6' title="bbox 897 2886 2129 3127">
    <p class='ocr_par' dir='ltr' id='par_1_6' title="bbox 897 2886 2129 3127">
     <span class='ocr_line' id='line_1_17' title="bbox 898 2886 2129 2983; baseline 0.002 -26"><span class='ocrx_word' id='word_1_94' title='bbox 898 2912 1090 2981; x_wconf 87' lang='grc' dir='ltr'>μενον</span> <span class='ocrx_word' id='word_1_95' title='bbox 1128 2886 1496 2983; x_wconf 80' lang='grc' dir='ltr'>αὐτόμολον</span> <span class='ocrx_word' id='word_1_96' title='bbox 1551 2889 1717 2961; x_wconf 80' lang='grc' dir='ltr'>εἶναι</span> <span class='ocrx_word' id='word_1_97' title='bbox 1765 2889 2129 2961; x_wconf 78' lang='grc' dir='ltr'>κελεύοντα</span> 
     </span>
     <span class='ocr_line' id='line_1_18' title="bbox 897 3021 2127 3127; baseline -0.002 -30"><span class='ocrx_word' id='word_1_98' title='bbox 897 3025 1048 3115; x_wconf 82' lang='grc' dir='ltr'>τοὺς</span> <span class='ocrx_word' id='word_1_99' title='bbox 1087 3021 1445 3123; x_wconf 82' lang='grc' dir='ltr'>Μεγαρεῖς,</span> <span class='ocrx_word' id='word_1_100' title='bbox 1499 3028 1556 3097; x_wconf 88' lang='grc' dir='ltr'>εἰ</span> <span class='ocrx_word' id='word_1_101' title='bbox 1609 3025 1956 3127; x_wconf 81' lang='grc' dir='ltr'>βούλονται</span> <span class='ocrx_word' id='word_1_102' title='bbox 1994 3036 2127 3099; x_wconf 85' lang='grc' dir='ltr'>τῶν</span> 
     </span>
    </p>
   </div>
   <div class='ocr_carea' id='block_1_7' title="bbox 889 3158 2128 3265">
    <p class='ocr_par' dir='ltr' id='par_1_7' title="bbox 889 3158 2128 3265">
     <span class='ocr_line' id='line_1_19' title="bbox 889 3158 2128 3265; baseline 0.001 -31"><span class='ocrx_word' id='word_1_103' title='bbox 889 3158 1286 3259; x_wconf 77' lang='grc' dir='ltr'>Ἀθηναίων</span> <span class='ocrx_word' id='word_1_104' title='bbox 1365 3164 1482 3239; x_wconf 76' lang='grc' dir='ltr'>τὰς</span> <span class='ocrx_word' id='word_1_105' title='bbox 1560 3170 1835 3262; x_wconf 85' lang='grc' dir='ltr'>πρώτας</span> <span class='ocrx_word' id='word_1_106' title='bbox 1901 3164 2128 3265; x_wconf 82' lang='grc' dir='ltr'>λαβεῖν</span> 
     </span>
    </p>
   </div>
   <div class='ocr_carea' id='block_1_8' title="bbox 897 3296 2231 3399">
    <p class='ocr_par' dir='ltr' id='par_1_8' title="bbox 897 3296 2231 3399">
     <span class='ocr_line' id='line_1_20' title="bbox 897 3296 2231 3399; baseline 0.003 -29"><span class='ocrx_word' id='word_1_107' title='bbox 897 3306 1214 3395; x_wconf 87' lang='grc' dir='ltr'>γυναῖκας</span> <span class='ocrx_word' id='word_1_108' title='bbox 1241 3300 1354 3373; x_wconf 85' lang='grc' dir='ltr'>ἐπὶ</span> <span class='ocrx_word' id='word_1_109' title='bbox 1393 3298 1719 3375; x_wconf 78' lang='grc' dir='ltr'>Κωλιάδα</span> <span class='ocrx_word' id='word_1_110' title='bbox 1760 3302 1948 3373; x_wconf 80' lang='grc' dir='ltr'>πλεῖν</span> <span class='ocrx_word' id='word_1_111' title='bbox 1985 3296 2117 3399; x_wconf 81' lang='grc' dir='ltr'>μετ’</span> <span class='ocrx_word' id='word_1_112' title='bbox 2224 3356 2231 3399; x_wconf 76' lang='lat'>¹.</span> 
     </span>
    </p>
   </div>
   <div class='ocr_carea' id='block_1_9' title="bbox 889 3439 2138 4777">
    <p class='ocr_par' dir='ltr' id='par_1_9' title="bbox 899 3439 1669 3537">
     <span class='ocr_line' id='line_1_21' title="bbox 899 3439 1669 3537; baseline 0.001 -28"><span class='ocrx_word' id='word_1_113' title='bbox 899 3439 1102 3510; x_wconf 82' lang='grc' dir='ltr'>αὐτοῦ</span> <span class='ocrx_word' id='word_1_114' title='bbox 1156 3440 1274 3537; x_wconf 78' lang='grc' dir='ltr'>τὴν</span> <span class='ocrx_word' id='word_1_115' title='bbox 1328 3442 1669 3537; x_wconf 80' lang='grc' dir='ltr'>ταχίστην.</span> 
     </span>
    </p>

    <p class='ocr_par' dir='ltr' id='par_1_10' title="bbox 889 3570 2138 4777">
     <span class='ocr_line' id='line_1_22' title="bbox 889 3570 2137 3675; baseline 0.002 -29"><span class='ocrx_word' id='word_1_116' title='bbox 889 3570 1015 3652; x_wconf 81' lang='grc' dir='ltr'>Ὣς</span> <span class='ocrx_word' id='word_1_117' title='bbox 1073 3576 1148 3647; x_wconf 83' lang='grc' dir='ltr'>δὲ</span> <span class='ocrx_word' id='word_1_118' title='bbox 1183 3575 1566 3653; x_wconf 79' lang='grc' dir='ltr'>πεισθέντες</span> <span class='ocrx_word' id='word_1_119' title='bbox 1623 3580 1680 3647; x_wconf 83' lang='grc' dir='ltr'>οἱ</span> <span class='ocrx_word' id='word_1_120' title='bbox 1717 3573 2077 3675; x_wconf 83' lang='grc' dir='ltr'>Μεγαρεῖς.</span> <span class='ocrx_word' id='word_1_121' title='bbox 2113 3626 2137 3648; x_wconf 73' lang='lat'>.·</span> 
     </span>
     <span class='ocr_line' id='line_1_23' title="bbox 902 3714 2131 3809; baseline -0.002 -22"><span class='ocrx_word' id='word_1_122' title='bbox 902 3714 1188 3809; x_wconf 79' lang='grc' dir='ltr'>(Σόλων)</span> <span class='ocrx_word' id='word_1_123' title='bbox 1243 3715 1360 3791; x_wconf 82' lang='grc' dir='ltr'>τὰς</span> <span class='ocrx_word' id='word_1_124' title='bbox 1415 3714 1531 3808; x_wconf 87' lang='grc' dir='ltr'>μὲν</span> <span class='ocrx_word' id='word_1_125' title='bbox 1581 3722 1893 3809; x_wconf 87' lang='grc' dir='ltr'>γυναῖκας</span> <span class='ocrx_word' id='word_1_126' title='bbox 1928 3716 2131 3786; x_wconf 88' lang='grc' dir='ltr'>ἐκπο-</span> 
     </span>
     <span class='ocr_line' id='line_1_24' title="bbox 903 3852 1893 3925; baseline -0.002 0"><span class='ocrx_word' id='word_1_127' title='bbox 903 3853 1035 3925; x_wconf 86' lang='grc' dir='ltr'>δῶν</span> <span class='ocrx_word' id='word_1_128' title='bbox 1089 3852 1404 3924; x_wconf 82' lang='grc' dir='ltr'>ἀπελθεῖν</span> <span class='ocrx_word' id='word_1_129' title='bbox 1460 3853 1786 3923; x_wconf 86' lang='grc' dir='ltr'>ἐκέλευσε.</span> <span class='ocrx_word' id='word_1_130' title='bbox 1829 3908 1843 3923; x_wconf 91' lang='grc'>.</span> <span class='ocrx_word' id='word_1_131' title='bbox 1878 3908 1893 3922; x_wconf 94' lang='grc'>.</span> 
     </span>
     <span class='ocr_line' id='line_1_25' title="bbox 902 3988 2130 4091; baseline -0.003 -29"><span class='ocrx_word' id='word_1_132' title='bbox 902 3993 1434 4085; x_wconf 86' lang='grc' dir='ltr'>σκευασαμένους</span> <span class='ocrx_word' id='word_1_133' title='bbox 1445 3992 1553 4061; x_wconf 85' lang='grc' dir='ltr'>καὶ</span> <span class='ocrx_word' id='word_1_134' title='bbox 1573 3988 1909 4091; x_wconf 64' lang='grc' dir='ltr'>λαβόντας</span> <span class='ocrx_word' id='word_1_135' title='bbox 1925 3991 2048 4085; x_wconf 86' lang='grc' dir='ltr'>ἐγχ</span> <span class='ocrx_word' id='word_1_136' title='bbox 2052 4015 2130 4060; x_wconf 92' lang='grc' dir='ltr'>ει-</span> 
     </span>
     <span class='ocr_line' id='line_1_26' title="bbox 904 4129 2133 4227; baseline -0.003 -27"><span class='ocrx_word' id='word_1_137' title='bbox 904 4129 1078 4227; x_wconf 89' lang='grc' dir='ltr'>ρίδια</span> <span class='ocrx_word' id='word_1_138' title='bbox 1117 4129 1371 4227; x_wconf 77' lang='grc' dir='ltr'>κρυπτοὶ</span> <span class='ocrx_word' id='word_1_139' title='bbox 1397 4130 1652 4209; x_wconf 75' lang='grc' dir='ltr'>παίζειν</span> <span class='ocrx_word' id='word_1_140' title='bbox 1692 4130 1798 4199; x_wconf 85' lang='grc' dir='ltr'>καὶ</span> <span class='ocrx_word' id='word_1_141' title='bbox 1834 4129 2133 4225; x_wconf 89' lang='grc' dir='ltr'>χορεύειν</span> 
     </span>
     <span class='ocr_line' id='line_1_27' title="bbox 901 4266 1968 4366; baseline -0.002 -29"><span class='ocrx_word' id='word_1_142' title='bbox 901 4267 1270 4364; x_wconf 80' lang='grc' dir='ltr'>προσέταξε</span> <span class='ocrx_word' id='word_1_143' title='bbox 1307 4268 1471 4366; x_wconf 77' lang='grc' dir='ltr'>πρὸς</span> <span class='ocrx_word' id='word_1_144' title='bbox 1509 4266 1592 4362; x_wconf 76' lang='grc' dir='ltr'>τῇ</span> <span class='ocrx_word' id='word_1_145' title='bbox 1634 4266 1968 4363; x_wconf 80' lang='grc' dir='ltr'>θαλάσσῃ.</span> 
     </span>
     <span class='ocr_line' id='line_1_28' title="bbox 904 4401 2134 4500; baseline -0.002 -26"><span class='ocrx_word' id='word_1_146' title='bbox 904 4401 1099 4474; x_wconf 72' lang='grc' dir='ltr'>Οὕτω</span> <span class='ocrx_word' id='word_1_147' title='bbox 1183 4404 1257 4475; x_wconf 87' lang='grc' dir='ltr'>δὲ</span> <span class='ocrx_word' id='word_1_148' title='bbox 1335 4404 1586 4475; x_wconf 87' lang='grc' dir='ltr'>τούτων</span> <span class='ocrx_word' id='word_1_149' title='bbox 1661 4403 2134 4500; x_wconf 83' lang='grc' dir='ltr'>πραττομένων</span> 
     </span>
     <span class='ocr_line' id='line_1_29' title="bbox 907 4536 2138 4641; baseline -0.003 -28"><span class='ocrx_word' id='word_1_150' title='bbox 907 4540 1326 4639; x_wconf 78' lang='grc' dir='ltr'>ὑπαχθέντες</span> <span class='ocrx_word' id='word_1_151' title='bbox 1381 4546 1440 4612; x_wconf 82' lang='grc' dir='ltr'>οἱ</span> <span class='ocrx_word' id='word_1_152' title='bbox 1477 4536 1814 4641; x_wconf 75' lang='grc' dir='ltr'>Μεγαρεῖς</span> <span class='ocrx_word' id='word_1_153' title='bbox 1867 4541 1952 4639; x_wconf 81' lang='grc' dir='ltr'>τῇ</span> <span class='ocrx_word' id='word_1_154' title='bbox 1992 4540 2138 4635; x_wconf 67' lang='grc' dir='ltr'>ὄψει</span> 
     </span>
     <span class='ocr_line' id='line_1_30' title="bbox 903 4677 2135 4777; baseline -0.004 -26"><span class='ocrx_word' id='word_1_155' title='bbox 903 4682 1012 4751; x_wconf 84' lang='grc' dir='ltr'>καὶ</span> <span class='ocrx_word' id='word_1_156' title='bbox 1051 4680 1526 4777; x_wconf 79' lang='grc' dir='ltr'>προσμίξαντες</span> <span class='ocrx_word' id='word_1_157' title='bbox 1565 4680 1756 4774; x_wconf 86' lang='grc' dir='ltr'>ἐγγὺς</span> <span class='ocrx_word' id='word_1_158' title='bbox 1793 4677 2135 4775; x_wconf 60' lang='grc' dir='ltr'>ἐξεπήδων</span> 
     </span>
    </p>
   </div>
   <div class='ocr_carea' id='block_1_10' title="bbox 908 4819 1549 4913">
    <p class='ocr_par' dir='ltr' id='par_1_11' title="bbox 908 4819 1549 4913">
     <span class='ocr_line' id='line_1_31' title="bbox 908 4819 1549 4913; baseline -0.005 -24"><span class='ocrx_word' id='word_1_159' title='bbox 908 4824 1000 4894; x_wconf 81' lang='grc' dir='ltr'>ὡς</span> <span class='ocrx_word' id='word_1_160' title='bbox 1055 4819 1163 4887; x_wconf 81' lang='grc' dir='ltr'>ἐπὶ</span> <span class='ocrx_word' id='word_1_161' title='bbox 1215 4822 1549 4913; x_wconf 83' lang='grc' dir='ltr'>γυναῖκας.</span> 
     </span>
    </p>
   </div>
   <div class='ocr_carea' id='block_1_11' title="bbox 2330 1921 3570 2982">
    <p class='ocr_par' dir='ltr' id='par_1_12' title="bbox 2680 1921 3222 2015">
     <span class='ocr_line' id='line_1_32' title="bbox 2680 1921 3222 2015; baseline -0.006 -21"><span class='ocrx_word' id='word_1_162' title='bbox 2680 1921 3222 2015; x_wconf 68' lang='lat' dir='ltr'><strong>Polyaenus</strong></span> 
     </span>
    </p>

    <p class='ocr_par' dir='ltr' id='par_1_13' title="bbox 2330 2051 3566 2430">
     <span class='ocr_line' id='line_1_33' title="bbox 2330 2051 3549 2137; baseline -0.002 -3"><span class='ocrx_word' id='word_1_163' title='bbox 2330 2057 2561 2134; x_wconf 86' lang='grc' dir='ltr'>Σόλων</span> <span class='ocrx_word' id='word_1_164' title='bbox 2644 2057 2963 2130; x_wconf 81' lang='grc' dir='ltr'>ἔπλευσεν</span> <span class='ocrx_word' id='word_1_165' title='bbox 3018 2057 3127 2128; x_wconf 83' lang='grc' dir='ltr'>ἐπὶ</span> <span class='ocrx_word' id='word_1_166' title='bbox 3180 2051 3549 2137; x_wconf 76' lang='grc' dir='ltr'>Κωλιάδος,</span> 
     </span>
     <span class='ocr_line' id='line_1_34' title="bbox 2334 2194 3566 2292; baseline -0.003 -26"><span class='ocrx_word' id='word_1_167' title='bbox 2334 2195 2502 2268; x_wconf 85' lang='grc' dir='ltr'>ἔνθα</span> <span class='ocrx_word' id='word_1_168' title='bbox 2554 2201 2626 2268; x_wconf 88' lang='grc' dir='ltr'>αἱ</span> <span class='ocrx_word' id='word_1_169' title='bbox 2663 2204 2959 2292; x_wconf 88' lang='grc' dir='ltr'>γυναῖκες</span> <span class='ocrx_word' id='word_1_170' title='bbox 2998 2194 3297 2292; x_wconf 77' lang='grc' dir='ltr'>Δήμητρι</span> <span class='ocrx_word' id='word_1_171' title='bbox 3332 2195 3566 2291; x_wconf 80' lang='grc' dir='ltr'>ἑορτὴν</span> 
     </span>
     <span class='ocr_line' id='line_1_35' title="bbox 2333 2329 3513 2430; baseline -0.005 -24"><span class='ocrx_word' id='word_1_172' title='bbox 2333 2336 2598 2406; x_wconf 81' lang='grc' dir='ltr'>ἐτέλουν</span> <span class='ocrx_word' id='word_1_173' title='bbox 2648 2329 2745 2406; x_wconf 87' lang='grc' dir='ltr'>ἐπ’</span> <span class='ocrx_word' id='word_1_174' title='bbox 2810 2334 2985 2430; x_wconf 81' lang='grc' dir='ltr'>αὐτῇ</span> <span class='ocrx_word' id='word_1_175' title='bbox 3037 2333 3125 2430; x_wconf 77' lang='grc' dir='ltr'>τῇ</span> <span class='ocrx_word' id='word_1_176' title='bbox 3176 2329 3513 2428; x_wconf 82' lang='grc' dir='ltr'>θαλάσσῃ.</span> 
     </span>
    </p>

    <p class='ocr_par' dir='ltr' id='par_1_14' title="bbox 2334 2467 3570 2982">
     <span class='ocr_line' id='line_1_36' title="bbox 2334 2467 3559 2565; baseline -0.007 -21"><span class='ocrx_word' id='word_1_177' title='bbox 2334 2468 2717 2565; x_wconf 77' lang='grc' dir='ltr'>Αὐτόμολον</span> <span class='ocrx_word' id='word_1_178' title='bbox 2766 2472 3089 2564; x_wconf 83' lang='grc' dir='ltr'>ἐκπέμπει</span> <span class='ocrx_word' id='word_1_179' title='bbox 3148 2467 3378 2538; x_wconf 86' lang='grc' dir='ltr'>Σόλων</span> <span class='ocrx_word' id='word_1_180' title='bbox 3436 2467 3559 2561; x_wconf 84' lang='grc' dir='ltr'>ἀγ-</span> 
     </span>
     <span class='ocr_line' id='line_1_37' title="bbox 2335 2597 3570 2706; baseline -0.004 -25"><span class='ocrx_word' id='word_1_181' title='bbox 2335 2610 2655 2705; x_wconf 81' lang='grc' dir='ltr'>γελοῦντα</span> <span class='ocrx_word' id='word_1_182' title='bbox 2764 2603 3166 2706; x_wconf 80' lang='grc' dir='ltr'>Μεγαρεῦσι·</span> <span class='ocrx_word' id='word_1_183' title='bbox 3236 2597 3369 2676; x_wconf 70' lang='grc' dir='ltr'>’Ὴν</span> <span class='ocrx_word' id='word_1_184' title='bbox 3460 2606 3570 2676; x_wconf 85' lang='grc' dir='ltr'>ἐπὶ</span> 
     </span>
     <span class='ocr_line' id='line_1_38' title="bbox 2338 2738 3567 2842; baseline -0.004 -24"><span class='ocrx_word' id='word_1_185' title='bbox 2338 2743 2687 2824; x_wconf 79' lang='grc' dir='ltr'>Κωλιάδος</span> <span class='ocrx_word' id='word_1_186' title='bbox 2747 2746 3105 2842; x_wconf 81' lang='grc' dir='ltr'>πλεύσητε,</span> <span class='ocrx_word' id='word_1_187' title='bbox 3170 2744 3289 2820; x_wconf 83' lang='grc' dir='ltr'>τοὶς</span> <span class='ocrx_word' id='word_1_188' title='bbox 3342 2738 3567 2840; x_wconf 72' lang='grc' dir='ltr'>Ἀθη-</span> 
     </span>
     <span class='ocr_line' id='line_1_39' title="bbox 2335 2884 3568 2982; baseline -0.002 -25"><span class='ocrx_word' id='word_1_189' title='bbox 2335 2889 2539 2957; x_wconf 88' lang='grc' dir='ltr'>ναίων</span> <span class='ocrx_word' id='word_1_190' title='bbox 2566 2891 2879 2981; x_wconf 88' lang='grc' dir='ltr'>γυναῖκας</span> <span class='ocrx_word' id='word_1_191' title='bbox 2907 2885 3217 2982; x_wconf 76' lang='grc' dir='ltr'>αἱρήσετε</span> <span class='ocrx_word' id='word_1_192' title='bbox 3244 2884 3568 2982; x_wconf 87' lang='grc' dir='ltr'>χορευού-</span> 
     </span>
    </p>
   </div>
   <div class='ocr_carea' id='block_1_12' title="bbox 2338 3023 3208 3122">
    <p class='ocr_par' dir='ltr' id='par_1_15' title="bbox 2338 3023 3208 3122">
     <span class='ocr_line' id='line_1_40' title="bbox 2338 3023 3208 3122; baseline -0.006 -26"><span class='ocrx_word' id='word_1_193' title='bbox 2338 3045 2483 3122; x_wconf 77' lang='grc' dir='ltr'>σᾳς·</span> <span class='ocrx_word' id='word_1_194' title='bbox 2536 3024 2706 3095; x_wconf 75' lang='grc' dir='ltr'>ἀλλὰ</span> <span class='ocrx_word' id='word_1_195' title='bbox 2762 3025 2857 3121; x_wconf 78' lang='grc' dir='ltr'>μὴ</span> <span class='ocrx_word' id='word_1_196' title='bbox 2913 3023 3208 3117; x_wconf 87' lang='grc' dir='ltr'>μέλλετε.</span> 
     </span>
    </p>
   </div>
   <div class='ocr_carea' id='block_1_13' title="bbox 2339 3568 3577 4906">
    <p class='ocr_par' dir='ltr' id='par_1_16' title="bbox 2339 3568 3569 3945">
     <span class='ocr_line' id='line_1_41' title="bbox 2344 3568 3506 3669; baseline -0.005 -26"><span class='ocrx_word' id='word_1_197' title='bbox 2344 3568 2678 3669; x_wconf 81' lang='grc' dir='ltr'>Μεγαρεῖς</span> <span class='ocrx_word' id='word_1_198' title='bbox 2730 3573 2815 3667; x_wconf 76' lang='grc' dir='ltr'>τῇ</span> <span class='ocrx_word' id='word_1_199' title='bbox 2872 3571 3098 3666; x_wconf 79' lang='grc' dir='ltr'>ἀπάτῃ</span> <span class='ocrx_word' id='word_1_200' title='bbox 3146 3568 3506 3640; x_wconf 87' lang='grc' dir='ltr'>πείθονται.</span> 
     </span>
     <span class='ocr_line' id='line_1_42' title="bbox 2339 3706 3569 3801; baseline -0.007 -20"><span class='ocrx_word' id='word_1_201' title='bbox 2339 3709 2569 3781; x_wconf 88' lang='grc' dir='ltr'>Σόλων</span> <span class='ocrx_word' id='word_1_202' title='bbox 2628 3709 2702 3779; x_wconf 85' lang='grc' dir='ltr'>δὲ</span> <span class='ocrx_word' id='word_1_203' title='bbox 2755 3708 2872 3784; x_wconf 83' lang='grc' dir='ltr'>τοὶς</span> <span class='ocrx_word' id='word_1_204' title='bbox 2922 3713 3235 3801; x_wconf 86' lang='grc' dir='ltr'>γυναῖκας</span> <span class='ocrx_word' id='word_1_205' title='bbox 3293 3706 3569 3800; x_wconf 86' lang='grc' dir='ltr'>ἀναχω-</span> 
     </span>
     <span class='ocr_line' id='line_1_43' title="bbox 2345 3846 2969 3945; baseline -0.005 -28"><span class='ocrx_word' id='word_1_206' title='bbox 2345 3856 2543 3945; x_wconf 76' lang='grc' dir='ltr'>ρῆσαι</span> <span class='ocrx_word' id='word_1_207' title='bbox 2592 3846 2865 3917; x_wconf 82' lang='grc' dir='ltr'>κελεύει.</span> <span class='ocrx_word' id='word_1_208' title='bbox 2896 3898 2911 3914; x_wconf 91' lang='grc'>.</span> <span class='ocrx_word' id='word_1_209' title='bbox 2954 3900 2969 3915; x_wconf 97' lang='grc'>.</span> 
     </span>
    </p>

    <p class='ocr_par' dir='ltr' id='par_1_17' title="bbox 2342 3978 3574 4359">
     <span class='ocr_line' id='line_1_44' title="bbox 2342 3978 3574 4081; baseline -0.002 -28"><span class='ocrx_word' id='word_1_210' title='bbox 2342 3990 2647 4081; x_wconf 84' lang='grc' dir='ltr'>κρυπτοῖς</span> <span class='ocrx_word' id='word_1_211' title='bbox 2709 3981 3115 4080; x_wconf 85' lang='grc' dir='ltr'>ἐγχειριδίοις</span> <span class='ocrx_word' id='word_1_212' title='bbox 3182 3978 3574 4073; x_wconf 82' lang='grc' dir='ltr'>ὡπλισμένα</span> 
     </span>
     <span class='ocr_line' id='line_1_45' title="bbox 2344 4116 3572 4218; baseline -0.005 -27"><span class='ocrx_word' id='word_1_213' title='bbox 2344 4122 2531 4218; x_wconf 77' lang='grc' dir='ltr'>παρὰ</span> <span class='ocrx_word' id='word_1_214' title='bbox 2572 4123 2691 4218; x_wconf 79' lang='grc' dir='ltr'>τὴν</span> <span class='ocrx_word' id='word_1_215' title='bbox 2742 4122 2936 4217; x_wconf 70' lang='grc' dir='ltr'>ἠιόνα</span> <span class='ocrx_word' id='word_1_216' title='bbox 2984 4119 3237 4201; x_wconf 73' lang='grc' dir='ltr'>παίζειν</span> <span class='ocrx_word' id='word_1_217' title='bbox 3292 4116 3403 4187; x_wconf 82' lang='grc' dir='ltr'>καὶ</span> <span class='ocrx_word' id='word_1_218' title='bbox 3450 4140 3572 4211; x_wconf 89' lang='grc' dir='ltr'>χο-</span> 
     </span>
     <span class='ocr_line' id='line_1_46' title="bbox 2346 4256 2857 4359; baseline -0.002 -30"><span class='ocrx_word' id='word_1_219' title='bbox 2346 4260 2553 4359; x_wconf 88' lang='grc' dir='ltr'>ρεύειν</span> <span class='ocrx_word' id='word_1_220' title='bbox 2610 4256 2857 4337; x_wconf 78' lang='grc' dir='ltr'>ἔταξεν.</span> 
     </span>
    </p>

    <p class='ocr_par' dir='ltr' id='par_1_18' title="bbox 2346 4390 3577 4906">
     <span class='ocr_line' id='line_1_47' title="bbox 2346 4390 3574 4492; baseline -0.007 -24"><span class='ocrx_word' id='word_1_221' title='bbox 2346 4401 2407 4468; x_wconf 85' lang='grc' dir='ltr'>οἱ</span> <span class='ocrx_word' id='word_1_222' title='bbox 2450 4396 2524 4467; x_wconf 87' lang='grc' dir='ltr'>δὲ</span> <span class='ocrx_word' id='word_1_223' title='bbox 2576 4390 2911 4492; x_wconf 85' lang='grc' dir='ltr'>Μεγαρεῖς</span> <span class='ocrx_word' id='word_1_224' title='bbox 2942 4394 3027 4489; x_wconf 79' lang='grc' dir='ltr'>τῇ</span> <span class='ocrx_word' id='word_1_225' title='bbox 3065 4392 3209 4487; x_wconf 67' lang='grc' dir='ltr'>ὄψει</span> <span class='ocrx_word' id='word_1_226' title='bbox 3243 4400 3374 4462; x_wconf 85' lang='grc' dir='ltr'>τῶν</span> <span class='ocrx_word' id='word_1_227' title='bbox 3416 4390 3574 4484; x_wconf 83' lang='grc' dir='ltr'>ἁγε-</span> 
     </span>
     <span class='ocr_line' id='line_1_48' title="bbox 2346 4530 3576 4627; baseline -0.007 -24"><span class='ocrx_word' id='word_1_228' title='bbox 2346 4539 2535 4605; x_wconf 91' lang='grc' dir='ltr'>νείων</span> <span class='ocrx_word' id='word_1_229' title='bbox 2572 4534 2680 4603; x_wconf 86' lang='grc' dir='ltr'>καὶ</span> <span class='ocrx_word' id='word_1_230' title='bbox 2719 4533 2805 4627; x_wconf 79' lang='grc' dir='ltr'>τῇ</span> <span class='ocrx_word' id='word_1_231' title='bbox 2834 4530 3065 4626; x_wconf 79' lang='grc' dir='ltr'>ἐσθῆτι</span> <span class='ocrx_word' id='word_1_232' title='bbox 3092 4538 3224 4598; x_wconf 82' lang='grc' dir='ltr'>τῶν</span> <span class='ocrx_word' id='word_1_233' title='bbox 3256 4536 3576 4621; x_wconf 86' lang='grc' dir='ltr'>γυναικῶν</span> 
     </span>
     <span class='ocr_line' id='line_1_49' title="bbox 2346 4664 3577 4764; baseline -0.006 -21"><span class='ocrx_word' id='word_1_234' title='bbox 2346 4672 2848 4763; x_wconf 79' lang='grc' dir='ltr'>ἐξαπατώμενοι</span> <span class='ocrx_word' id='word_1_235' title='bbox 2870 4676 3001 4737; x_wconf 80' lang='grc' dir='ltr'>τῶν</span> <span class='ocrx_word' id='word_1_236' title='bbox 3024 4674 3189 4735; x_wconf 87' lang='grc' dir='ltr'>νεῶν</span> <span class='ocrx_word' id='word_1_237' title='bbox 3211 4664 3577 4764; x_wconf 75' lang='grc' dir='ltr'>ἀποβάντες</span> 
     </span>
     <span class='ocr_line' id='line_1_50' title="bbox 2346 4801 3577 4906; baseline -0.006 -25"><span class='ocrx_word' id='word_1_238' title='bbox 2346 4812 2703 4906; x_wconf 82' lang='grc' dir='ltr'>ἐπειρῶντο</span> <span class='ocrx_word' id='word_1_239' title='bbox 2780 4801 3255 4903; x_wconf 82' lang='grc' dir='ltr'>συλλαμβάνειν</span> <span class='ocrx_word' id='word_1_240' title='bbox 3319 4802 3430 4873; x_wconf 80' lang='grc' dir='ltr'>οἷα</span> <span class='ocrx_word' id='word_1_241' title='bbox 3492 4802 3577 4900; x_wconf 82' lang='grc' dir='ltr'>δὴ</span> 
     </span>
    </p>
   </div>
   <div class='ocr_carea' id='block_1_14' title="bbox 2346 4952 2677 5043">
    <p class='ocr_par' dir='ltr' id='par_1_19' title="bbox 2346 4952 2677 5043">
     <span class='ocr_line' id='line_1_51' title="bbox 2346 4952 2677 5043; baseline -0.006 -26"><span class='ocrx_word' id='word_1_242' title='bbox 2346 4952 2677 5043; x_wconf 81' lang='grc' dir='ltr'>γυναῖκας.</span> 
     </span>
    </p>
   </div>
   <div class='ocr_carea' id='block_1_15' title="bbox 4007 1674 4017 2504">
    <p class='ocr_par' dir='ltr' id='par_1_20' title="bbox 4007 1674 4017 2504">
     <span class='ocr_line' id='line_1_52' title="bbox 4007 1674 4017 2504; baseline 0 0"><span class='ocrx_word' id='word_1_243' title='bbox 4007 1674 4017 2504; x_wconf 95' lang='lat' dir='ltr'> </span> 
     </span>
    </p>
   </div>
  </div>
 </body>
</html>
