4057 5790
1936 599 2035 614 -
2104 527 2299 628 ”130
2376 555 2503 610 ·---

869 798 1054 872 illud
1132 797 1418 888 quidem
1483 837 1562 850 --
1626 797 1828 872 cuius
1902 797 1978 869 in
2034 802 2189 872 tota
2266 799 2857 873 commentatione
2930 821 3067 872 sua
3114 800 3547 873 mentionem

879 934 950 1010 U
979 958 1022 1008 n
1052 955 1226 1026 ger
1255 956 1300 1006 u
1330 955 1364 1007 s
1433 934 1680 1010 iniecit
1717 933 2157 1014 -nullam,-
2220 933 2408 1008 unde
2494 938 2590 1008 11
2650 936 2817 1008 illos
2892 935 3253 1010 Herodoti
3332 957 3561 1010 annos

878 1074 1080 1148 nullo
1116 1079 1325 1165 pacto
1380 1094 1590 1164 posse
1631 1074 1990 1146 eliminari
2044 1077 2455 1149 necessario
2510 1074 2809 1165 cogitur.
2897 1073 3353 1148 Antecedunt
3380 1075 3569 1148 enim

879 1215 1043 1305 ipsa
1083 1233 1195 1306 ea,
1261 1232 1441 1302 quae
1491 1211 1544 1282 1.
1584 1213 1632 1283 l.
1683 1232 1752 1303 p.
1807 1213 1954 1284 389
2010 1211 2245 1286 adfert
2300 1210 2666 1304 Ungerus‚
2725 1213 3269 1287 Aristotelis
3330 1211 3553 1285 verba

884 1350 975 1423 V.
1026 1352 1098 1434 9,
1153 1351 1288 1422 23:
1369 1348 1438 1419 ἐν
1499 1347 1674 1420 ἔτεσι
1733 1349 2081 1447 τριάκοντα
2144 1350 2257 1421 καὶ
2314 1350 2513 1450 τρισὶν
2582 1351 3041 1425 ἑπτακαίδεκα
3106 1351 3357 1422 τούτων
3412 1347 3565 1422 ἐτυ-

879 1487 1219 1586 ράννησεν,
1296 1487 1744 1558 ὀκτωκαίδεκα
1819 1485 1896 1558 δὲ
1978 1491 2039 1558 οἱ
2114 1486 2371 1572 παῖδες,
2450 1489 2625 1560 ὥστε
2692 1487 2775 1558 τὰ
2836 1489 3057 1559 πάντα
3106 1489 3366 1584 ἐγένετο
3424 1485 3543 1585 ἔτη

881 1627 1225 1724 τριάκοντα
1275 1625 1386 1696 καὶ
1436 1625 1636 1696 πέντε
1701 1626 1952 1699 haece:
2048 1623 2185 1696 οὐκ
2258 1625 2600 1722 ἐγένετο
2683 1626 2775 1698 δὲ
2856 1627 3213 1725 συνεχὴς
3292 1622 3543 1722 (Πεισι-

883 1765 1162 1862 στράτου
1214 1760 1544 1862 τυραννίς)
1617 1761 1736 1839 δὶς
1812 1761 1967 1860 γὰρ
2062 1761 2325 1860 ἔφυγε
2396 1761 2990 1864 Πεισίστρατος
3082 1771 3566 1863 τυραννῶν·

884 1904 1087 1996 Quae
1155 1903 1316 1978 hinc
1390 1903 1792 1976 redundent
1842 1902 2289 2008 manifestum
2347 1912 2478 1980 est.
2622 1905 2727 1980 Ex
2804 1927 2914 1996 eo,
2995 1905 3183 1994 quod
3266 1903 3557 1976 Aristo·

884 2041 1066 2116 teles
1139 2061 1269 2131 per
1336 2046 1562 2114 totum
1635 2040 2039 2133 tyrannidis
2107 2047 2389 2134 tempus
2476 2043 2612 2118 bis
2684 2044 3011 2116 exulasse
3090 2041 3549 2115 Pisistratum
3648 2079 3653 2082 ·

887 2179 1238 2275 expressis
1288 2178 1530 2252 verbis
1577 2178 1929 2270 perhibet,
2012 2176 2292 2270 Ungeri
2346 2181 2799 2273 sententiam,
2857 2181 2981 2272 qui
3032 2181 3337 2254 sedecim
3388 2180 3557 2252 illos

887 2317 1082 2392 exilii
1136 2339 1359 2391 annos
1411 2318 1517 2391 ita
1559 2317 1995 2392 distribuere
2050 2318 2301 2410 voluit,
2354 2325 2434 2391 ut
2491 2339 2657 2410 pars
2710 2341 2953 2392 eorum
3006 2319 3119 2392 vel
3170 2320 3383 2392 tertio
3423 2319 3601 2414 cui-⁰

887 2455 1046 2531 dam
1100 2456 1473 2530 Pisistrati
1521 2457 1758 2550 exilio,
1812 2457 2000 2549 quod
2054 2463 2219 2549 post
2270 2459 2419 2531 549
2476 2479 2737 2532 annum
2786 2461 2995 2534 reicit
3030 2458 3179 2552 ille,
3230 2459 3555 2551 adsigna·

887 2602 1115 2688 retur,
1164 2595 1493 2671 caducam
1549 2619 1705 2670 esse
1760 2596 2031 2688 liquido
2086 2597 2405 2688 adparet.
2513 2598 2655 2689 Qui
2708 2599 2879 2670 anni
2924 2598 3273 2688 quomodo
3323 2598 3561 2671 distri-

888 2733 1155 2808 buendi
1231 2733 1375 2806 sint
1450 2740 1669 2826 patet.
1802 2734 2167 2808 Pisistrati
2224 2737 2415 2810 enim
2470 2737 2841 2810 exiliorum
2904 2738 3104 2828 prius
3160 2738 3205 2807 6
3262 2733 3403 2833 (vel
3459 2733 3559 2828 5),

889 2872 1191 2946 alterum
1247 2873 1347 2946 10
1401 2867 1542 2968 (vel
1592 2874 1717 2964 11)
1774 2894 2124 2947 annorum
2173 2873 2417 2968 fuisse,
2469 2875 2871 2951 necessario
2928 2875 3274 2966 sequitur.
3385 2871 3567 2947 Gon-

893 3012 1066 3086 cidit
1133 3033 1304 3085 vero
1356 3013 1459 3086 ita
1510 3012 1622 3084 vel
1677 3012 1863 3085 alter
1910 3013 2228 3086 calculus
2289 3011 2777 3106 Ungerianus:
2872 3013 3422 3087 Pisistratus
3476 3019 3557 3085 ut

895 3150 1129 3241 551s0
1173 3151 1311 3223 iam
1379 3151 1746 3224 tertium
1797 3171 2036 3223 rerum
2086 3152 2353 3243 potitus
2408 3153 2525 3240 sit,
2582 3152 2778 3226 nullo
2832 3152 3040 3226 modo
3094 3150 3253 3226 fieri
3301 3156 3565 3244 potest.

1103 3288 1415 3363 Videtur
1447 3290 1731 3363 omnino
1769 3310 1877 3384 ea,
1909 3312 2119 3381 quam
2158 3292 2611 3367 Isocrates
2664 3297 2946 3366 secutus
2986 3295 3121 3382 est,
3150 3290 3338 3363 ratio
3380 3288 3571 3361 haud

895 3431 996 3502 ita
1076 3428 1458 3518 singularis
1527 3428 1836 3519 antiquis
1915 3430 2351 3523 temporibus
2430 3426 2674 3503 fuisse.
2784 3429 3167 3521 Leguntur
3230 3428 3417 3501 enim
3490 3430 3562 3500 in

897 3566 1164 3642 scholio
1218 3567 1307 3640 ad
1362 3565 1999 3659 Aristophanis
2050 3567 2303 3663 Vesp.
2353 3570 2501 3639 502
2539 3570 2800 3645 haece:
2910 3564 3176 3643 εἰκότως
3256 3564 3332 3636 δὲ
3406 3590 3564 3636 τεσ-

896 3706 1118 3802 σάρων
1173 3703 1376 3775 ὄντων
1426 3698 1560 3777 κατ’
1623 3703 1832 3781 ἐνίους
1884 3713 2015 3776 τῶν
2061 3697 2641 3804 Πεισιστρατιδῶν,
2697 3706 2806 3776 τὸν
2848 3696 3125 3777 Ἱππίαν
3150 3701 3563 3804 παρέλαβεν·

897 3840 1349 3943 πρεσβύτατος
1399 3842 1526 3941 γὰρ
1577 3842 1659 3939 ἦν
1720 3842 1910 3920 οὗτος
1965 3841 2196 3937 [αὐτός
2270 3844 2491 3918 schol.
2554 3843 2799 3917 Diibn.
2862 3842 2947 3917 cf.
3004 3844 3173 3937 Lys.
3227 3838 3406 3937 ow]
3459 3840 3571 3913 καὶ

895 3981 1015 4080 τὴν
1067 3979 1422 4079 τυραννίδα
1473 3980 1635 4075 εἶχε,
1687 3977 1870 4051 καθὰ
1920 3981 2033 4052 καὶ
2088 3976 2489 4079 Θουκυδίδης
2540 3984 2725 4080 φησί·
2804 3981 2987 4054 δοκεῖ
3043 3980 3117 4053 δὲ
3168 3984 3214 4079 ἡ
3268 3978 3571 4079 τυραννὶς

896 4126 1324 4216 καταστῆναι,
1382 4122 1478 4196 ὥς
1530 4142 1726 4217 φησιν
1764 4114 2429 4218 Ἐρατοσθένης,
2485 4120 2594 4191 ἐπὶ
2632 4118 2750 4219 ἔτη
2798 4116 2874 4203 ν’,
2911 4124 3025 4191 τοῦ
3065 4117 3368 4219 ἀκριβοῦς
3421 4117 3570 4190 δια-

898 4258 1272 4355 μαρτάνων,
1313 4252 1956 4355 Ἀριστοτέλους
2009 4256 2129 4351 μὲν
2179 4257 2673 4354 τεσσαράκοντα
2709 4258 2818 4328 καὶ
2846 4254 2917 4327 ἓν
2949 4256 3307 4354 φήσαντος,
3348 4248 3568 4355 Ἠρο-

899 4396 1089 4471 δότου
1147 4395 1220 4469 δὲ
1268 4394 1342 4477 ἓξ
1393 4396 1502 4469 καὶ
1555 4392 1985 4495 τριάκονταηῑ).
2042 4390 2539 4494 Ἀριστοτέλους
2591 4397 2991 4470 emendatio
3031 4402 3143 4470 est
3179 4394 3571 4468 Bentlei-

905 4556 1075 4567 ..—.„..-.-
1117 4554 1287 4561 .-.--....---

1107 4622 1170 4699 1)
1217 4622 1394 4685 Hinc
1429 4620 1765 4702 exscripta
1797 4624 1976 4699 sunt,
2009 4634 2183 4701 quae
2219 4620 2488 4681 exstant
2511 4617 2576 4679 in
2611 4615 2867 4680 scholio
2900 4614 2983 4679 ed
3022 4615 3378 4696 Lysistr.
3418 4614 3571 4677 619:

905 4708 1220 4790 Τεττάρων
1261 4705 1451 4772 ὄντων
1477 4712 1596 4771 τῶν
1625 4706 2177 4788 Πεισιστρατιδῶν,
2210 4702 2453 4778 εἰκότως
2482 4706 2587 4766 τοῦ
2616 4699 2869 4765 Ἱππίου
2896 4700 3082 4785 μόνου
3114 4697 3571 4783 ἐμνημόνευσεν.

895 4793 1325 4878 Πρεσβύτατος
1380 4795 1494 4877 γὰρ
1559 4790 1628 4871 ἦν
1672 4788 1840 4867 οὗτος
1881 4795 2002 4856 τῶν
2048 4788 2246 4854 ἄλλων
2288 4794 2389 4853 καὶ
2432 4790 2537 4870 τὴν
2578 4792 2899 4873 τυραννίδα
2941 4785 3227 4864 tudam,
3273 4785 3568 4873 καθάπερ

905 4882 1276 4961 Θουκυδίδης
1317 4882 1482 4965 φησί.
1552 4878 1830 4961 Κατέσχε
1875 4878 1944 4941 δὲ
1985 4872 2020 4957 ἦ
2060 4882 2328 4962 τυραννὶς
2370 4874 2471 4940 ἐπὶ
2498 4873 2599 4956 ἔτη
2628 4874 2703 4958 γ’,
2734 4871 2797 4939 οἱ
2822 4878 2892 4939 δὲ
2918 4868 2993 4950 δ’,
3025 4869 3370 4958 ιΗρόδοτος
3400 4874 3470 4937 δὲ
3498 4870 3572 4946 ς’.

901 4964 1053 5057 Quo
1103 4966 1485 5033 testimonio
1531 4984 1685 5031 eum
1733 4964 1819 5031 ad
1867 4964 2153 5051 Hippiae
2200 4968 2503 5047 tempora
2537 4961 2951 5025 restituenda
2983 4966 3330 5025 uterentur
3362 4960 3571 5023 homi-
