4057 5790
1999 497 2521 569 --62-ψ

916 766 1003 840 de
1048 768 1156 838 his
1188 765 1402 840 rebus
1436 767 1867 841 testimonia.
1973 765 2341 854 Homines
2361 771 2795 843 recentiores
2833 791 2986 846 cum
3022 777 3335 844 veterum
3376 773 3586 863 scrip·

731 911 750 1003 J
802 944 815 1065 ι
918 910 1149 977 torum
1215 905 1374 977 aliis
1460 905 1594 976 vim
1677 902 2031 998 facerent,
2116 906 2297 979 alios
2378 873 2677 999 prorsus
2766 909 3263 1001 neglegerent,
3346 930 3579 981 rerum

913 1048 1272 1134 gestarum
1321 1047 1396 1114 et
1425 1048 1818 1134 temporum
1853 1042 2139 1117 illorum
2173 1045 2645 1135 cognitionem
2688 1068 2828 1120 non
2868 1053 3008 1119 tam
3052 1054 3580 1138 promoverunt,

915 1201 1125 1270 quam
1180 1179 1747 1271 permiscuerunt
1813 1188 1888 1253 et
1953 1181 2584 1256 conturbaverunt.
2719 1182 2928 1275 Quod
3000 1184 3136 1256 iam
3220 1206 3379 1276 eOS,
3460 1185 3579 1275 qui

910 1319 1320 1391 testimonia
1371 1319 1529 1410 ipsa
1577 1320 1968 1392 accuratius
2005 1320 2583 1416 examinaverint,
2624 1343 2765 1392 non
2805 1327 3190 1411 negaturos
3229 1321 3575 1394 existimo.

728 1074 810 1171 ιί

825 1549 831 1559 .
909 1455 1054 1530 Sed
1108 1457 1437 1547 quoniam
1494 1458 1753 1550 omnia,
1809 1479 1988 1549 quae
2035 1458 2123 1530 ad
2156 1459 2285 1531 illa
2322 1458 2515 1532 bella
2551 1461 2937 1550 pertinent,
2998 1460 3352 1532 artissime
3388 1459 3576 1531 inter

907 1617 983 1667 se
1039 1597 1443 1689 cohaerent,
1498 1595 1639 1666 nisi
1698 1604 1954 1670 cuncta
2021 1597 2273 1671 ordine
2336 1597 2502 1670 inde
2562 1598 2650 1670 ab
2713 1598 2890 1689 ipsis
2944 1598 3168 1670 initiis
3233 1599 3575 1691 repetive-

907 1733 1156 1823 rimuS,
1237 1755 1385 1806 rem
1439 1734 1664 1828 ipsam
1737 1753 2163 1826 pernoscere
2218 1736 2335 1809 vix
2387 1737 2802 1827 poterimus.
2934 1737 3043 1809 Ita
3097 1738 3576 1836 autemnipsas

904 1893 1044 1964 res,
1099 1872 1448 1961 quomodo
1509 1872 1653 1945 sint
1734 1879 2010 1966 gestae,
2094 1875 2687 1966 persequentibus
2753 1875 2985 1966 nobie,
3058 1873 3270 1946 etiam
3342 1892 3573 1945 recen·

831 2081 839 2088 .
901 2010 1146 2100 tioreS,
1197 2017 1546 2100 quatenus
1625 2017 1840 2104 recte,
1916 2018 2268 2102 quatenus
2344 2032 2545 2086 secus
2598 2014 2983 2086 statuerint
3048 2033 3254 2104 quam
3310 2013 3573 2105 optime

902 2129 1240 2240 patescet.

1104 2285 1685 2360 vetustissimam
1768 2285 2445 2378 Sigei‘memoriam
2526 2255 3046 2360 Demetrius
3122 2285 3573 2378 Scepsius

899 2426 1230 2498 servavit.
1339 2425 1483 2517 Qui
1535 2447 1690 2500 cum
1745 2427 2077 2522 explicet,
2156 2426 2505 2517 quomodo
2558 2425 2817 2500 factum
2874 2427 2991 2517 sit,
3060 2432 3139 2497 ut
3189 2425 3277 2496 de
3329 2432 3571 2498 vetere

895 2563 1370 2636 Troianorum
1423 2563 1599 2635 urbe
1653 2565 1931 2637 nullum
1971 2565 2108 2636 iam
2154 2566 2531 2656 vestigium
2571 2565 2909 2655 supersit,
2945 2562 3119 2634 haec
3155 2561 3323 2638 facit
3358 2562 3578 2634 verba

899 2697 1166 2796 (Strab.
1251 2724 1318 2795 p.
1391 2699 1570 2798 599)
1622 2699 1675 2795 Ι)
1755 2699 1947 2772 οὐδὲν
2028 2695 2079 2771 δ’
2140 2701 2321 2796 ἴχνος
2386 2701 2671 2782 σώζεται
2740 2707 2859 2797 τῆς
2930 2697 3223 2798 ἀρχαίας
3287 2698 3571 2773 πόλεως.

897 2839 1182 2915 εἰκότως·
1261 2835 1379 2907 ἅτε
1447 2836 1572 2934 γὰρ
1647 2827 2257 2936 ἐκπεπορθημένων
2324 2846 2457 2908 τῶν
2532 2836 2753 2935 κύκλῳ
2824 2835 3088 2907 πόλεων
3172 2835 3247 2906 οὐ
3326 2835 3574 2911 τελέως

897 2976 971 3047 δὲ
1021 2940 1626 3068 κατεσπασμὲνων,
1708 2976 1960 3071 ταύτης
2040 2970 2091 3045 δ’
2154 2975 2225 3047 ἐκ
2280 2972 2551 3076 βάθρων
2610 2974 3227 3074 ἀνατετραμμένης,
3289 2978 3349 3045 οἱ
3401 2972 3574 3045 λίθοι

893 3116 1136 3189 πάντες
1215 3114 1307 3188 εἰς
1401 3113 1521 3210 τὴν
1611 3111 1875 3182 ἐκείνων
1956 3112 2280 3209 ἀνάληψιν
2354 3112 2893 3211 μετηνέχθησαν·
2997 3108 3471 3209 Ἀρχεοὶνακτα
3506 3110 3572 3207 ²)

893 3258 1047 3347 γοῦν
1096 3274 1259 3347 φασι
1321 3249 1431 3320 τὸν
1489 3243 1936 3346 Μυτιληναῖον
1989 3250 2060 3319 ἐκ
2112 3258 2243 3320 τῶν
2292 3248 2543 3321 ἐκεῖθεν
2597 3224 2804 3345 λ’ίθων
2852 3251 2925 3321 τὸ
2978 3248 3228 3343 Σίγειον
3265 3251 3565 3343 τειχίσαι.

895 3390 1119 3461 Cuius
1176 3389 1283 3461 rei
1340 3389 1766 3461 mentionem
1824 3389 2012 3461 unde
2086 3390 2419 3479 petiverit
2497 3389 2655 3481 ille,
2739 3388 3056 3478 quamvis
3140 3388 3564 3473 nesciamuS,

1094 3693 1158 3781 1)
1202 3694 1351 3761 Νοη
1398 3702 1500 3761 est
1542 3696 2014 3777 dubitandum,
2066 3697 2226 3780 quin
2277 3698 2443 3761 haee
2488 3715 2573 3760 ex
2620 3696 2941 3761 Demetrii
2986 3695 3071 3758 ad
3125 3696 3391 3777 Τρωικὸν
3434 3694 3566 3759 διά-

893 3804 1121 3867 κοσμον
1168 3786 1650 3849 commentario
1698 3786 2035 3866 exscripta
2080 3786 2232 3846 sint.
2327 3783 2708 3863 Niesiurn,
2748 3802 2901 3846 eum
2935 3784 3135 3845 etiam
3164 3781 3559 3845 XII—XIV.

893 3870 1240 3935 Strabonis
1284 3868 1493 3934 libros
1539 3860 1948 3949 (sieut'Vlll
1993 3877 2061 3933 et
2104 3868 2229 3947 X.)
2279 3888 2364 3931 ex
2429 3868 2816 3951 Apollodori
2883 3870 3213 3950 epitoma,
3278 3888 3413 3931 non
3476 3886 3561 3930 ex

890 3955 1234 4019 Demetrio
1295 3958 1438 4037 ipso
1485 3956 1824 4020 derivaret
1867 3952 1977 4039 (M.
2032 3954 2163 4017 Rb.
2212 3952 2475 4017 XXXII
2521 3974 2588 4037 p.
2638 3954 2797 4033 298)
2854 3974 2899 4017 a
2960 3972 3119 4017 vero
3183 3956 3558 4033 aberrasse,

891 4041 1243 4106 Gaedius
1287 4042 1638 4125 (Demetrii
1687 4043 1943 4124 Scepsii
1989 4059 2165 4123 quae
2206 4048 2588 4123 supersunt.
2683 4038 2934 4122 Gryph.
2983 4041 3175 4103 1880.
3223 4061 3287 4123 p.
3338 4041 3375 4102 1
3439 4040 3565 4120 sq.)

892 4128 1409 4208 demonstravit,
1475 4130 1589 4209 qui
1655 4129 1974 4192 Demetrii
2016 4129 2225 4209 ipsius
2272 4144 2441 4208 opus
2486 4126 2797 4191 Straboni
2845 4128 2909 4190 in
2961 4128 3063 4191 his
3109 4126 3295 4193 libris
3338 4128 3576 4189 sabia-⁸

890 4216 1132 4295 euisse,
1177 4232 1298 4277 suo
1343 4215 1488 4277 iure
1538 4215 1698 4278 mihi
1744 4215 2124 4278 affirmasse
2171 4212 2460 4276 videtur.
3318 4224 3329 4241 '

1086 4300 1160 4379 2)
1205 4298 1332 4364 Pro
1374 4298 1851 4383 Ἀρχαιάνακτα,
1890 4298 2071 4383 quod
2106 4298 2421 4363 traditum
2458 4303 2559 4361 est
2590 4300 2654 4361 in
2690 4296 3032 4362 codicibus
3070 4296 3557 4373 Strabonianis,

890 4385 1322 4450 scribendum
1370 4404 1522 4449 esse
1560 4385 1982 4469 Ἀρχεὰνακτα
2023 4384 2403 4449 luculenter
2445 4404 2531 4447 ex
2576 4388 3060 4467 epigrammate
3102 4392 3383 4467 apparet
3415 4382 3557 4446 Pla-

889 4474 1109 4536 tonico
1156 4472 1386 4554 (Diog.
1439 4474 1513 4535 L.
1568 4472 1680 4554 111,
1730 4469 1776 4556 ξ
1820 4472 1955 4554 31),
2004 4475 2071 4535 in
2126 4489 2259 4554 quo
2306 4490 2626 4553 perversa
2672 4472 2785 4533 illa
2830 4472 3119 4534 nominis
3163 4472 3380 4535 forma
3424 4472 3557 4532 soe-

887 4559 1161 4623 dissime
1206 4572 1465 4641 pugnat
1496 4578 1646 4621 cum
1683 4566 1928 4621 metro:
1977 4556 2473 4639 Ἀρχαιὰνασσαν
2506 4556 2625 4640 ἔχω
2655 4560 2760 4636 τὴν
2790 4556 2857 4619 ἔκ
2893 4556 3257 4640 Κολοφῶνος
3285 4553 3555 4637 ἑταῖραι).

883 4645 1087 4709 Falsa
1127 4646 1419 4710 nominis
1465 4646 1682 4708 forma
1728 4642 2221 4726 exstinguenda.
2267 4649 2367 4707 est
2413 4645 2617 4706 etiam
2664 4644 2839 4725 apud
2890 4644 3377 4708 Busoltium
3434 4641 3551 4704 Gr.

892 4731 972 4796 G.
1024 4731 1057 4795 I
1105 4750 1170 4813 p.
1223 4732 1370 4795 513.
1427 4764 1501 4777 -
1553 4731 1695 4795 Nisi
1744 4731 1921 4813 apud
1973 4729 2341 4793 Diodorum
2408 4724 2606 4810 (XII,
2678 4730 2817 4809 31),
2872 4729 2984 4809 qui
3044 4728 3559 4811 Ἀρχεανακτίδας

886 4834 1163 4900 regnum
1215 4819 1674 4900 Bosporanum
1725 4818 2097 4882 obtinuisse
2142 4818 2379 4897 refert,
2454 4834 2699 4879 nomen
2768 4814 2931 4877 illud
2996 4816 3323 4897 indagare
3368 4814 3558 4898 potui

883 4924 1242 4987 nusquam.
