4057 5790
1556 571 2159 678 --19--⁸

469 808 816 882 describit
864 806 1325 902 Plutarchus,
1404 829 1580 899 moS‚
1663 829 1806 898 qua
1858 815 2065 899 parte
2110 809 2391 880 insulae
2446 808 2981 880 concelebratus
3036 811 3154 900 sit,

469 947 684 1018 certis
757 946 1084 1018 terminis
1165 945 1749 1019 circumscribere
1832 967 1973 1018 non
2037 947 2284 1018 audeo.
2396 945 2671 1036 Quodsi
2733 947 3151 1038 scriptorum

469 1083 897 1155 testimoniis
969 1082 1148 1154 fides
1214 1082 1567 1174 habenda,
1650 1083 1884 1157 locum
1935 1083 2138 1155 illum
2196 1085 2269 1154 in
2316 1083 2711 1156 meridiano
2774 1081 3155 1162 Salaminis

467 1221 637 1311 fine,
716 1240 936 1312 prope
1011 1226 1370 1292 vetustum
1435 1221 1713 1292 insulae
1781 1227 1994 1315 caput
2037 1220 2259 1294 fuisse
2321 1221 2569 1312 situm,
2644 1221 2821 1292 mibi
2870 1220 3153 1308 quidem

475 1378 646 1428 vero
727 1357 1122 1450 proximum
1201 1358 1507 1429 videtur.
1615 1355 1772 1432 Nec
1827 1358 2105 1450 dubito,
2182 1359 2355 1448 quin
2408 1359 2484 1430 in
2539 1358 2696 1448 ipsa
2747 1359 3155 1429 narratione

469 1492 930 1582 Plutarchea‚
1010 1516 1150 1566 non
1205 1495 1492 1583 integra
1543 1494 1672 1567 illa
1725 1496 2038 1587 quidem,
2120 1496 2336 1566 etiam
2400 1496 2901 1568 celebrationis
2964 1495 3157 1567 locus

486 1630 946 1720 aliquomodo
997 1629 1218 1702 fuerit
1267 1630 1627 1703 definitus.
1735 1630 2283 1705 Plutarchus
2338 1655 2542 1704 usum
2597 1635 2811 1704 istum
2878 1632 2989 1703 his
3046 1634 3160 1704 de·

471 1768 718 1840 scribit
750 1767 1034 1840 verbis:
1073 1760 1302 1838 Ἔοικε
1356 1766 1430 1838 δὲ
1483 1767 1584 1864 τῷ
1618 1767 1802 1864 λόγῳ
1849 1769 2071 1864 τούτῳ
2152 1769 2263 1839 καὶ
2314 1768 2397 1838 τὰ
2433 1768 3159 1874 δρώμεναμαρτυρεῖν.

469 1899 658 1980 Ναῦς
710 1905 834 2000 γάρ
897 1929 989 1980 τις
1035 1899 1306 2002 Ἀττικὴ
1361 1905 1726 2002 προσέπλει
1777 1897 2003 2002 σιωπῇ
2060 1906 2133 1975 τὸ
2202 1915 2491 2003 πρῶτον,
2550 1907 2693 1976 εἶτα
2743 1907 3007 2002 κραυγῇ
3051 1907 3161 1976 καὶ

475 2039 858 2138 ἀλαλαγμῷ
933 2043 1497 2138 προσφερομένων
1577 2043 1670 2118 εἷς
1727 2043 1897 2141 ἀνὴρ
1949 2042 2230 2120 ἔνοπλος
2283 2009 2721 2136 ἐξαλλόμενος
2782 2043 2950 2136 μετὰ
3004 2041 3165 2141 βοῆς

1617 2173 1754 2212 *³12ss
1815 2179 1836 2197 ⁹

475 2173 618 2248 ἔθει
665 2179 832 2276 πρὸς
888 2177 1086 2276 ἄκρον
1139 2179 1214 2250 τὸ
1251 2155 1586 2276 Σκιράδιον
1809 2201 1881 2249 εκ
1933 2187 2058 2276 γῆς
2108 2179 2693 2276 προσφερομένοις.
2802 2179 2998 2270 Quot
3050 2181 3163 2252 vel

441 2333 656 2406 ·quae
712 2318 934 2389 verba
987 2325 1152 2409 post
1201 2314 1540 2414 Σκιράδιον
1593 2299 2117 2401 interciderint,
2190 2319 2307 2388 vix
2358 2324 2597 2408 potest
2654 2318 2983 2407 divinari,
3052 2337 3161 2387 ve·

478 2475 634 2524 rum
687 2454 1065 2544 probabile
1119 2462 1256 2545 est,
1314 2455 1430 2527 hic
1479 2456 1567 2527 de
1636 2455 1982 2527 distantia
2036 2455 2175 2528 loci
2229 2455 2503 2544 aliquid
2554 2453 2776 2526 fuisse
2824 2454 3167 2540 additum,

477 2591 706 2664 velut:
804 2617 844 2654 ο
871 2589 1108 2684 στάδια
1170 2591 1426 2686 ἀπέχον
1501 2599 1622 2688 τῆς
1673 2591 1938 2666 πόλεως
2009 2591 2083 2661 ἐκ
2155 2597 2279 2687 γῆς
2350 2591 2935 2688 προσφερομένοις.
2996 2588 3163 2674 ‚Se-

476 2737 796 2818 quuntur
835 2731 1040 2819 apud
1084 2729 1586 2802 Plutarchum:
1691 2723 1988 2824 Πλησίον
2064 2725 2139 2796 δὲ
2204 2733 2319 2796 τοῦ
2363 2721 2815 2798 Ἐνυαλίου
2864 2727 2938 2796 τὸ
2994 2729 3163 2824 ἱερόν

471 2865 642 2936 ἐστιν
725 2865 1168 2964 ἱδρυσαμένου
1221 2864 1550 2944 Σόλωνος.
1672 2859 1989 2965 Ἐνίκησε
2041 2863 2167 2961 γὰρ
2221 2863 2373 2939 τοὺς
2422 2857 2809 2961 Μεγαρέας,
2864 2865 2975 2935 καὶ
3028 2863 3166 2935 ὅσοι

471 3002 568 3098 μὴ
621 2999 1080 3098 διεφθάρησαν
1135 3002 1204 3071 ἐν
1257 3006 1345 3097 τῇ
1394 3004 1610 3099 μάχῃ,
1667 3003 1926 3077 πάντας
1979 3000 2439 3077 ὑποσπόνδους
2493 3000 2767 3098 ἀφῆκεν.

677 3141 798 3211 Ad
849 3142 1083 3230 ipsum
1144 3139 1538 3213 Sciradium
1611 3149 1686 3213 et
1736 3140 2028 3233 Enyalii
2104 3141 2284 3212 illud
2362 3159 2635 3212 sacrum
2684 3146 2877 3211 certe
2927 3152 3161 3211 vetus·

478 3278 796 3348 tissimus
847 3276 1260 3367 pertinebat
1315 3277 1572 3351 cultus..
1695 3274 1947 3372 Σκῖρος,
2031 3278 2308 3368 priscus
2390 3275 2692 3351 Sciradii
2774 3298 3164 3368 eponymus

472 3410 949 3503 Salaminius,
1051 3420 1204 3485 arte
1283 3416 1700 3487 coniunctus
1781 3429 1894 3485 est
1963 3434 2119 3486 cum
2197 3414 2561 3487 Scirone
2642 3411 3160 3507 Megarensi.¹)

469 3736 832 3867 ᾎῒηῗὲιζξι
876 3716 2057 3888 3232ss³335331⁶⁵u132iiihtffefi‘.
2102 3722 2199 3871 ¹2?
2218 3738 2382 3869 {2¹1¹ss
2398 3736 2761 3868 “sf‘ffffn‘fi‘a
2785 3718 3163 3869 1⁸5¹i5¹1¹e⁰11¹51

472 3890 656 3970 plum
707 3890 913 3953 fuisse
957 3909 1048 3955 ex
1093 3893 1528 3973 inscriptione
1573 3892 1851 3973 adparet
1895 3890 2035 3955 illic
2082 3898 2377 3973 reperta:
2431 3888 2510 3953 C.
2560 3889 2613 3952 Ι.
2665 3890 2743 3955 G.
2793 3891 2845 3971 1,
2926 3892 3055 3953 109
3100 3900 3165 3953 et

471 3973 651 4039 Add.
699 3996 765 4059 p.
816 3976 940 4039 901
988 3994 1052 4039 a.
1106 4012 1180 4023 —-
1233 3978 1334 4041 De
1381 3978 1756 4041 Veneris
1803 3974 1990 4041 cultu
2036 3976 2408 4041 Salaminio
2455 3982 2639 4039 certo
2685 3994 2823 4039 non
2874 3982 3159 4041 constat.

469 4060 768 4125 Exhibet
813 4080 980 4125 sane
1025 4062 1256 4126 titulus
1301 4067 1368 4126 in
1416 4064 1658 4127 Piraeo
1703 4064 2020 4127 inventus
2068 4062 2742 4126 Salaminiorum
2790 4062 3159 4140 decretum,

471 4146 649 4229 quod
701 4149 987 4229 pertinet
1030 4150 1118 4212 ad
1165 4148 1498 4215 solemnia
1546 4148 1792 4213 Veneri
1838 4155 1988 4212 acta
2034 4146 2409 4227 (Αθήναιον
2456 4146 2607 4211 VIII
2653 4167 2719 4229 p.
2776 4147 2953 4227 138).
3034 4148 3161 4211 Sed

471 4252 626 4295 cum
683 4230 932 4296 Citieos
977 4234 1044 4295 in
1093 4233 1334 4299 Piraeo
1386 4236 1664 4298 Veneris
1712 4254 1982 4299 sacrum
2059 4234 2447 4297 condidisse
2518 4241 2782 4297 constet
2849 4232 2959 4317 (C.
3008 4234 3038 4297 1
3088 4236 3167 4297 A.

467 4318 556 4399 11,
607 4318 766 4397 168)
812 4319 1108 4383 dubitari
1165 4327 1407 4403 potest,
1458 4340 1544 4383 an
1593 4340 1726 4386 non
1779 4320 2123 4384 decretum
2168 4319 2336 4383 illud
2382 4321 2583 4383 suerit
2618 4316 3158 4403 Cypriorum.

470 4402 902 4487 Quamquam
979 4407 1550 4489 considerandum
1631 4414 1773 4487 est,
1850 4405 2371 4469 Salaminiorum
2474 4406 2733 4469 nomini
2812 4408 2918 4469 hic
2992 4424 3162 4468 non

469 4490 814 4560 adiectum
861 4510 1010 4555 esse
1057 4489 1204 4555 ἀπὸ
1249 4492 1578 4573 Κύπρου
1623 4526 1704 4539 -
1751 4509 1888 4575 quo
1931 4491 2393 4556 additamento
2440 4510 2479 4554 a
2526 4490 2910 4555 Salaminiis
2938 4492 3169 4556 Atticis

470 4574 1056 4657 distinguebantur
1105 4610 1175 4621 -
1220 4579 1286 4641 id
1351 4580 1532 4661 quod
1581 4580 1650 4641 in
1699 4578 1852 4661 pilis
1917 4577 2411 4660 sepulcralibus
2457 4578 2598 4640 fieri
2644 4578 2897 4641 assolet
2971 4578 3165 4659 (Ku-

473 4662 870 4725 manudes
906 4661 1145 4747 Ἐπιγρ.
1191 4664 1464 4746 ἐπιτυμβ.
1512 4662 1708 4727 2348.
1754 4663 1950 4726 2349.
2044 4662 2425 4727 Koehler
2470 4662 2689 4725 Mitth.
2740 4662 2829 4726 lv
2872 4682 2943 4745 p.
2980 4664 3160 4743 256).

672 4761 738 4847 1)
781 4764 868 4827 Ut
914 4783 1066 4831 cum
1101 4765 1448 4829 Salamine
1489 4764 1712 4829 insula
1755 4766 1854 4829 ita
1895 4767 2101 4831 etiam
2146 4786 2299 4831 cum
2349 4766 2697 4845 Aegina
2745 4766 3003 4829 Scironi
3050 4784 3165 4827 an-

473 4862 714 4927 gustae
762 4851 1275 4915 intercedebant
1335 4852 1892 4916 necessitudines.
1991 4850 2307 4935 Apollod.
2356 4851 2479 4914 111.
2548 4852 2656 4913 12.
2710 4852 2782 4913 6:
2854 4851 3067 4931 Γαμεῖ
3104 4853 3169 4913 δὲ

473 4934 696 5009 Αἰακὸς
730 4933 1028 5015 Ἐνδηίδα
1072 4939 1176 5015 τὴν
1219 4938 1543 5019 Σκίρωνος,
1600 4936 1670 5017 ἐξ
1714 4934 1782 5016 ἧς
1834 4936 1994 5027 αὖτιξ
2044 4940 2265 5011 παῖδες
2308 4936 2583 5018 ἐγένοντο
2630 4932 2875 5013 Πηλεύς
2936 4959 3004 4999 τε
3068 4943 3170 4997 καὶ
