4057 5790
1519 542 2089 612 -133—

465 783 633 856 dum
711 786 848 872 est,
925 802 1014 853 ne
1098 802 1216 853 res
1287 781 1498 872 plane
1583 781 1914 855 dissonas
1993 787 2263 854 temere
2340 781 2457 858 hic
2532 789 3129 873 coagmentemus.

459 920 889 1010 Priusquam
945 913 1171 1010 igitur
1233 939 1503 1010 eorum,
1585 938 1765 1009 quae
1821 919 2089 992 tradita
2165 927 2351 1005 sunt,
2433 920 2883 992 immutemus
2935 922 3133 1010 quid·

468 1078 706 1150 quam,
753 1059 830 1128 in
883 1057 1082 1148 ipsas
1136 1062 1453 1128 veterum
1503 1057 1842 1149 rationeS,
1902 1056 2159 1147 quibus
2210 1058 2282 1159 in
2345 1057 2797 1130 conficiendis
2852 1078 3133 1150 compu-

463 1195 860 1269 tationibus
907 1194 1056 1266 suis
1110 1195 1222 1266 usi
1275 1201 1466 1286 sunt,
1520 1194 1935 1284 diligentius
1982 1195 2421 1285 inquiramus
2477 1216 2654 1287 opus
2710 1202 2842 1269 est.

668 1329 855 1404 Sunt
918 1338 1154 1404 autem
1211 1352 1317 1404 me
1367 1332 1595 1406 iudice
1648 1334 1990 1408 'acerrime
2044 1333 2159 1410 hic
2238 1333 2646 1406 distinenda
2722 1341 3121 1424 temporum

463 1467 848 1542 intervalla
900 1469 1340 1559 potissimum
1397 1475 1486 1540 tr
1513 1471 1537 1540 i
1568 1491 1630 1540 a.

666 1605 729 1678 P
759 1627 796 1677 r
825 1607 943 1677 im
972 1627 1020 1677 u
1051 1627 1116 1677 m
1195 1606 1268 1677 id
1318 1611 1617 1699 tempus,
1694 1606 1882 1697 quod
1939 1587 2309 1697 praeteriit
2358 1607 2523 1680 inde
2581 1629 2624 1680 a
2674 1609 2903 1699 prima
2952 1606 3137 1681 Pisi-

468 1746 673 1816 strati
725 1744 1102 1837 tyrannide
1159 1763 1380 1833 usque
1437 1743 1527 1815 ad
1583 1741 1893 1834 Hippiae
1949 1745 2418 1830 exactionem,
2475 1744 2662 1834 quod
2719 1749 2784 1847 A
2813 1747 2965 1818 ris
2993 1753 3134 1820 toe

464 1883 735 1954 teles
785 1883 859 1954 in
901 1880 1223 1954 Politicis
1279 1882 1372 1952 51
1423 1903 1770 1955 annorum
1822 1880 2041 1954 fuisse
2094 1883 2444 1974 perhibet,
2482 1884 2618 1983 ⁸cui
2673 1905 2966 1957 numero
3027 1907 3136 1956 re-

473 2018 829 2110 spondent
867 2020 967 2090 50
995 2019 1164 2090 anni
1197 2017 1886 2094 Eratosthenici
1941 2017 2208 2116 (Schol.
2239 2020 2371 2092 Ar.
2410 2019 2631 2115 Vesp.
2676 2011 2880 2125 502).
2982 2021 3138 2094 Tri-

471 2157 630 2229 buit
705 2178 874 2228 vero
925 2153 1359 2228 Aristoteles
1439 2179 1526 2228 ex
1605 2157 1732 2233 hac
1814 2159 2335 2249 computatione
2413 2161 2552 2250 ipsi
2598 2157 2983 2232 Pisistrato
3040 2161 3133 2230 33

473 2317 696 2367 annos
749 2297 1103 2388 integros,
1186 2292 1360 2384 'quos
1435 2295 1720 2367 eosdem
1777 2295 2116 2368 exhibent
2167 2305 2242 2367 et
2294 2295 2847 2371 Heraclides
2895 2292 3141 2392 (Polit.

471 2430 716 2523 fragm.
764 2453 832 2524 p.
894 2438 937 2503 4
996 2426 1241 2528 Schn.)
1295 2438 1370 2503 et
1421 2433 1825 2505 lustinus
1878 2427 2000 2531 (11,
2060 2427 2235 2526 8).¹)

680 2569 750 2642 D
780 2592 818 2640 e
847 2571 873 2640 i
899 2592 946 2640 n
975 2568 1080 2639 de
1133 2569 1206 2640 id
1261 2569 1564 2662 spatium
1641 2573 2006 2662 temporis,
2087 2592 2226 2661 quo
2282 2570 2780 2645 Pisistratidae
2838 2593 2915 2643 re
2972 2592 3144 2644 vera

478 2708 776 2782 Athenis
829 2705 1277 2799 tyrannidem
1331 2717 1823 2800 exercuerunt,
1892 2707 2219 2815 deductis
2286 2711 2384 2781 16
2437 2711 2667 2798 annis,
2752 2731 2927 2801 quos
2980 2730 3146 2781 exu-

469 2847 648 2921 lavit
693 2852 917 2943 pater.
1025 2841 1189 2920 Huc
1271 2851 1595 2936 spectant
1670 2847 1764 2917 35
1847 2847 2012 2918 anni
2094 2845 2673 2923 Aristotelici
2742 2847 2991 2941 (Polit.
3048 2846 3143 2920 V.

478 2987 549 3078 9,
605 2987 740 3077 23)
795 2985 910 3057 vel
963 2985 1060 3055 36
1113 2982 1628 3057 H‘erodotei
1684 2982 1816 3077 (V,
1867 2980 2014 3081 65).

681 3123 1081 3213 Denique
1137 3122 1249 3194 vel
1307 3144 1444 3195 una
1497 3123 1950 3215 computatio,
1987 3093 1992 3099 ”
2032 3122 2367 3196 differens
2418 3123 2507 3195 ab
2562 3125 2704 3208 his,
2772 3126 2911 3197 iam
2969 3126 3143 3197 satis
3278 3180 3285 3187 .

480 3262 791 3352 antiquis
840 3262 1278 3355 temporibus
1327 3260 1640 3334 Athenis
1705 3262 2114 3363 circumlata
2181 3283 2337 3335 esse
2403 3264 2704 3367 videtur.
2813 3263 2995 3338 Dico
3052 3266 3138 3335 41

480 3402 668 3493 illos,
746 3400 868 3490 qui
932 3400 1008 3471 in
1092 3400 1356 3474 scholio
1404 3401 1714 3473 Aristo
1738 3399 2025 3492 phane
2050 3422 2090 3473 o
2156 3399 2585 3473 exhibentur
2661 3422 2911 3492 annOS,
2992 3419 3147 3474 cum
3261 3417 3275 3431 ·

432 3538 738 3627 ,quibus
801 3539 1341 3612 consociandum
1407 3548 1518 3610 est
1597 3539 2081 3610 testimonium
2154 3538 2651 3628 isocratis,
2733 3540 2854 3628 qui
2924 3539 3145 3609 στάσιν

488 3678 582 3747 40
651 3698 874 3749 annos
960 3676 1270 3749 Athenis
1352 3678 1718 3749 duravisse
1805 3678 2012 3749 testis
2088 3682 2217 3751 est.
2330 3673 2585 3766 Neque
2642 3678 2828 3748 enim
2872 3677 3145 3770 dubito,

483 3816 650 3906 quin
703 3816 977 3887 duobus
1027 3816 1138 3888 his
1190 3815 1616 3888 testimoniis
1663 3814 1910 3887 eadem
1955 3816 2403 3887 contineatur
2453 3815 2659 3886 ratio.

685 3952 1108 4045 Superiores
1188 3954 1368 4027 duae
1453 3955 2046 4046 computationes,
2142 3953 2490 4042 quomodo
2566 3950 2923 4027 confectae
3006 3953 3151 4024 sint

490 4095 814 4182 apertum
845 4096 976 4163 est.
1052 4094 1129 4163 In
1160 4092 1589 4166 illustranda
1624 4092 1872 4164 infima
1915 4090 2505 4183 proficiscendum
2547 4091 2829 4163 videtur
2866 4113 2909 4164 a
2952 4094 3153 4165 testi-

487 4230 718 4302 monio
773 4229 1291 4323 Isocrateo,
1371 4231 1558 4321 quod
1622 4231 1901 4320 quidem
1959 4250 2088 4319 per
2145 4250 2221 4301 se
2275 4228 2447 4303 licet
2500 4250 2640 4300 non
2691 4230 2927 4320 magni
2982 4251 3149 4322 pon-

487 4366 679 4438 deris
733 4364 1133 4440 faciendum
1187 4370 1312 4455 sit,
1368 4377 1608 4440 tamen
1667 4368 1996 4457 quoniam
2052 4366 2193 4439 alio
2247 4367 2653 4439 testimonio
2701 4387 2993 4459 prorsus
3048 4386 3153 4438 se-

701 4655 770 4739 1)
821 4658 1024 4722 Fran
1043 4660 1328 4723 eiseus
1377 4658 1585 4721 Ruhl
1635 4676 1850 4742 nuper
1895 4676 1984 4722 ex
2028 4658 2376 4722 codicibus
2421 4657 2813 4722 melioribus
2861 4657 3154 4721 restituit

489 4743 668 4825 apud
714 4744 1046 4808 Iustinum
1095 4762 1447 4809 numerum
1495 4744 1812 4809 XXXIV.
1906 4745 2032 4807 Sed
2079 4764 2242 4807 num
2290 4745 2396 4808 bic
2441 4763 2760 4807 numerus
2820 4743 2908 4805 ad
2952 4743 3153 4806 aliam

491 4830 888 4907 memoriam
937 4832 1356 4896 revocandus
1403 4832 1490 4895 sit
1535 4832 1787 4895 dubito,
1872 4830 2088 4896 Immo
2134 4830 2547 4914 probabilius
2594 4830 2861 4893 videtur
2896 4828 2974 4891 lv
3014 4849 3155 4894 cor·

489 4923 760 4999 ruptum
790 4934 940 4981 esee
961 4938 1046 4981 ex
1071 4919 1271 4998 mod
1300 4918 1478 5001 quod
1509 4923 1852 4982 servatum
1871 4924 2055 4981 estin
2078 4918 2411 4983 deteriore
2430 4915 3157 4999 classeTransalpina.)

2607 5036 2709 5093 10·
