4057 5790
1615 552 2113 622 ..93-

523 788 729 887 τητὴν
807 788 917 859 τὸν
971 787 1572 886 προσπολεμοῦντα
1641 791 1822 862 satis
1892 788 2270 888 evincitur)
2334 799 2620 868 auctore
2702 795 2827 869 De
2850 817 2915 867 m
2934 795 3191 868 etrio:

525 921 860 1002 Μένοντος
913 925 971 997 δ’
1019 924 1116 998 ἔτι
1164 932 1279 998 τοῦ
1333 925 1632 1022 πολέμου
1683 921 2093 1024 Περίανδρος
2146 926 2485 1027 διαιτητὴς
2540 929 2832 1029 αἱρεθεὶς
2882 930 3011 1004 ὑπὸ
3065 928 3199 1025 ἀμ-

522 1069 670 1160 φοῖν
725 1061 922 1134 ἔλυσε
984 1063 1093 1135 τὸν
1148 1063 1461 1159 πόλεμον.
1570 1055 1888 1142 Uberior
1936 1065 2551 1159 Apollodorus
2606 1071 2798 1162 apud
2853 1069 3066 1161 Diog.
3103 1067 3191 1141 L.

519 1203 558 1276 I
607 1203 654 1297 ξ
707 1203 836 1276 ¹74:
905 1195 1228 1300 Ὕστερον
1285 1203 1506 1299 μέντοι
1547 1204 1747 1301 φησὶν
1793 1197 2314 1302 Ἀπολλόδώρος
2367 1204 2435 1276 ἐν
2488 1212 2623 1283 τοῖς
2660 1203 3001 1305 Χρονικοῖς
3050 1204 3199 1276 δια-

525 1338 917 1438 δικασθῆναι
967 1342 1119 1420 τοὺς
1169 1333 1584 1440 Ἀθηναίους
1636 1342 1790 1441 περὶ
1838 1348 1952 1412 τοῦ
1982 1343 2237 1439 χωρίου
2284 1341 2451 1440 πρὸς
2485 1342 2638 1419 τοὺς
2684 1337 3195 1442 Μυτιληναίους,

521 1480 872 1558 ἀκούοντος
924 1489 1045 1579 τῆς
1094 1481 1277 1580 δίκης
1327 1477 1754 1578 Περιάνδρου,
1811 1479 1881 1550 ὃν
1935 1479 2046 1550 καὶ
2096 1485 2230 1556 τοῖς
2279 1475 2665 1577 Ἀθηναίοις
2712 1487 3117 1580 προσκρῖναι.

734 1619 1165 1713 Apollodori
1251 1619 1730 1698 testimonium
1811 1618 2283 1693 Kliiberus
2361 1615 2703 1716 (Quellen
2760 1620 3073 1694 Diodors
3126 1642 3193 1712 p.

527 1759 624 1830 27
677 1755 812 1856 sq.)
862 1759 957 1831 ad
1015 1757 1574 1831 Demetrium
1631 1755 2000 1850 Scepsium
2047 1756 2435 1832 revocavit:
2499 1757 2713 1850 ‚Dass
2770 1758 3195 1852 Apollodor,

525 1897 838 1973 welchen
881 1896 1092 1988 Πίος.
1133 1918 1222 1970 an
1273 1917 1570 1969 unserer
1607 1893 1836 1969 Stelle
1876 1896 2093 1986 citirt,
2148 1917 2283 1968 aus
2322 1895 2737 1970 Demetrius
2772 1893 2871 1993 (in
2912 1897 3200 1970 adnota-

527 2035 756 2108 tione:
813 2035 1205 2108 dariiber
1253 2036 1502 2108 kann
1557 2055 1720 2125 gar
1773 2035 1983 2110 kein
2039 2032 2407 2108 Zweifel
2466 2034 2693 2128 sein)
2748 2036 2944 2108 seine
2974 2031 3205 2108 ‘Nach-

522 2173 706 2245 richt
753 2172 1096 2268 schopfte,
1152 2173 1434 2264 ergiebt
1498 2173 1644 2245 sich
1709 2172 1994 2266 darauS,
2070 2172 2234 2244 dass
2288 2171 2707 2246 Demetrius
2760 2173 2879 2246 bei
2932 2169 3200 2246 Strabo

524 2309 852 2386 dasselbe
909 2313 1040 2386 wie
1097 2313 1494 2404 Apollodor
1547 2311 1664 2383 bei
1711 2309 2082 2402 Diogenes
2136 2310 2413 2383 erzahlt
2466 2311 2611 2384 und
2666 2311 2847 2384 nach
2898 2308 3201 2384 Strabos

518 2450 868 2542 Zeugniss
926 2449 1326 2543 Apollodor
1387 2451 1512 2524 das
1570 2449 1888 2524 Meiste
1944 2450 2102 2521 dem
2162 2448 2573 2522 Demetrius
2621 2447 3044 2522 entlehnte.‘
3102 2450 3201 2523 At

517 2587 886 2690 ssluberus
933 2607 1088 2662 cum
1137 2590 1212 2661 in
1267 2595 1420 2661 tota
1473 2609 1606 2661 sua
1653 2587 2263 2678 commentatione,
2347 2594 2497 2659 tum
2566 2587 2641 2660 in
2707 2587 2873 2683 ipsa
2937 2585 3069 2660 hac
3116 2607 3195 2658 re

519 2726 892 2800 admodum
930 2748 1220 2818 pravam
1260 2733 1546 2803 secutus
1591 2734 1704 2800 est
1751 2728 2125 2838 rationem.
2231 2723 2553 2798 Primum
2592 2726 2779 2799 enim
2816 2722 3197 2798 Strabonis

513 2871 588 2938 et
624 2863 1046 2961 Apollodori
1087 2866 1497 2941 testimonia
1542 2865 1826 2939 omnino
1867 2886 2009 2938 non
2066 2869 2470 2956 congruunt
2504 2863 2697 2937 inter
2734 2884 2835 2941 se.
2894 2861 3193 2957 Apollo·

515 3003 732 3077 dorus
787 3001 1142 3078 Strabone
1197 3004 1420 3078 multo
1473 3012 1546 3078 et
1599 3004 1992 3077 accuratior
2055 3010 2128 3076 et
2193 3003 2496 3110 plenior.
2610 3000 2833 3075 Velut
2887 3003 2973 3075 de
3031 3003 3187 3095 ipso

365 3122 373 3127 ’
517 3141 798 3215 arbitrii
853 3150 1271 3246 argumento
1321 3144 1510 3235 apud
1563 3144 1750 3219 hunc
1809 3142 2010 3215 nihil.
2116 3139 2265 3213 Iam
2319 3161 2489 3214 vero
2554 3140 2741 3230 quod
2788 3139 3186 3234 KliiberuS,

517 3284 595 3352 nt
643 3279 1090 3355 Demetrium
1169 3283 1242 3354 in
1315 3283 1451 3357 hac
1521 3304 1600 3353 re
1673 3280 1762 3353 ab
1816 3278 2261 3372 Apollodoro
2312 3278 2773 3370 compilatum
2828 3300 2985 3351 esse
3040 3276 3185 3351 effi-

517 3425 734 3511 ceret,
811 3418 901 3493 ad
966 3416 1342 3492 Strabonis
1418 3418 1896 3490 testimonium
1962 3419 2370 3509 provocavit
2441 3438 2510 3508 p.
2570 3417 2750 3488 339:
2848 3421 3063 3487 ταῦτα
3115 3408 3177 3487 δ’

515 3550 669 3650 οὐχ
727 3554 1160 3649 ὁμολογεῖ
1203 3562 1343 3635 τοῖς
1415 3555 1542 3627 ὑπὸ
1612 3560 1726 3625 τοῦ
1775 3552 2069 3651 Σκηψίου
2116 3550 2499 3652 Δημητρίου
2553 3553 2949 3648 λεγομένοις,
3022 3552 3186 3651 παρ’

516 3692 592 3762 οὔ
647 3694 1008 3791 μεταφέρει
1063 3693 1160 3764 τὰ
1211 3693 1569 3765 πλεῖστα
1619 3689 2227 3792 (Ἀπολλόδωρος),
2307 3695 2463 3785 ipse
2540 3693 2792 3768 incidit
2868 3693 2945 3766 in
3010 3694 3187 3765 sale-

513 3832 734 3905 bram.
843 3831 1188 3925 Spectant
1256 3834 1448 3905 euim
1496 3832 1976 3907 Straboniana
2027 3832 2177 3919 illa,
2260 3854 2441 3924 quae
2509 3830 2743 3905 adfert
2790 3832 3185 3923 Kliiberus‚

513 3971 740 4045 solnm
793 3972 885 4043 ad
943 3972 1363 4064 Apollodori
1419 3973 2177 4047 commentarium
2233 3969 2840 4063 Homericum,
2897 3972 3183 4043 minime
3338 4046 3355 4059 ,

513 4131 680 4183 vero
713 4111 802 4185 ad
841 4108 1228 4184 Ohrouic
1251 4133 1336 4202 a,
1377 4112 1464 4183 de
1502 4111 1758 4202 quibus
1795 4112 1908 4185 hic
1947 4110 2184 4201 agitur
2222 4109 2471 4203 (Πίος.
2508 4107 2629 4182 L.:
2669 4103 3184 4206 Ἀπολλόδωρος

513 4245 582 4317 ἐν
637 4252 771 4323 τοῖς
824 4243 1212 4345 Χρονικοῖς).
1296 4248 1707 4335 Praeterea,
1763 4250 1824 4320 si
1870 4246 2226 4321 Strabone
2281 4252 2465 4320 teste
2514 4247 2906 4338 plurima
2955 4269 2997 4320 a
3044 4247 3187 4321 De·

513 4388 766 4460 metrio
818 4394 1180 4461 mutuatus
1219 4395 1330 4461 est
1370 4387 1874 4479 ApollodoruS,
1930 4386 2019 4459 ad
2070 4407 2771 4477 unamquamque
2828 4408 2977 4459 rem
3018 4387 3181 4461 hinc

512 4525 864 4599 redundat
893 4526 1094 4613 nihil,
1127 4527 1200 4598 id
1253 4526 1440 4615 quod
1493 4528 1650 4618 ipso
1701 4548 1810 4617 eo,
1865 4526 2055 4615 quod
2099 4525 2463 4599 Kliiberus
2514 4521 3178 4622 (incommodissime

509 4664 688 4736 illud
726 4664 1046 4761 quidem)
1084 4664 1304 4755 elegit
1340 4663 1660 4756 exemplo
1703 4663 1924 4757 probe
1975 4666 2503 4739 demonstratur
2553 4662 2827 4757 (Strab.
2867 4686 2933 4755 p.
2976 4664 3178 4753 339).

713 4801 1198 4875 Periandri
1292 4804 1665 4876 arbitrium
1759 4804 2042 4876 omnine
2138 4825 2253 4875 res
2345 4802 2531 4894 apud
2613 4823 2857 4875 omnes
2936 4824 3180 4897 perva-

515 4942 878 5053 gatissima
929 4944 1207 5016 videtur
1253 4940 1497 5015 fuisse.
1607 4940 1828 5016 Cuius
1877 4944 1982 5015 rei
2056 4944 2392 5017 memoria
2442 4962 2647 5031 quam
2704 4942 2825 5014 diu
2882 4942 2955 5013 in
3005 4941 3180 5032 ipsis

2661 5078 2724 5129 5⁸
