4057 5790
1601 635 1695 646 --
1813 591 2123 666 63-

517 801 756 870 tamen
840 819 980 870 non
1055 803 1205 890 est,
1291 818 1419 874 cur
1495 799 1720 890 ipsam
1805 819 1950 872 rem
2032 799 2105 870 in
2186 798 2659 889 suspicionem
2743 817 3064 872 vocemus
3117 795 3186 894 Ι).

516 931 773 1025 Neque
819 934 1196 1029 habemus,
1266 935 1453 1026 quod
1516 935 1722 1010 nobis
1779 936 1868 1010 ad
1923 936 2351 1010 conditionis
2410 937 2605 1012 illius
2660 943 2941 1028 tempus
3000 955 3193 1012 accu-

516 1045 742 1146 ratius
816 1072 1298 1146 definiendum
1352 1094 1596 1146 ansam
1642 1072 2011 1165 praebeat.
2114 1071 2300 1146 Nam
2370 1075 2789 1150 Archeanax
2854 1075 2979 1148 ille
3036 1073 3191 1168 My·

513 1209 868 1284 tilenaeus
911 1209 1031 1300 qui
1077 1208 1300 1284 fuerit
1351 1193 1450 1283 ut‘
1478 1210 1766 1283 aliunde
1817 1232 1959 1285 non
2015 1217 2317 1300 constat,
2372 1212 2475 1284 ita
2508 1233 2597 1286 ne
2634 1211 3006 1285 Demetrio
3044 1213 3193 1303 qui·

515 1347 674 1420 dem
742 1347 880 1440 ipsi
949 1349 1258 1425 certiora
1322 1349 1410 1422 de
1473 1369 1560 1422 eo
1625 1349 2026 1422 innotuisse
2094 1350 2249 1444 ipsa
2310 1349 2463 1422 eius
2518 1348 2739 1422 verba
2809 1350 3063 1424 docent
3100 1347 3182 1449 ²).

513 1484 712 1577 Quae
785 1485 912 1559 ille
999 1485 1302 1578 praebet
1361 1487 1686 1560 manasse
1756 1487 2093 1563 videntur
2154 1510 2193 1561 e
2263 1488 2793 1563 narrationibus
2872 1490 3186 1582 ipsorum

507 1621 962 1719 Lesbiorum,
1020 1647 1318 1716 quornm
1393 1625 1780 1718 scriptores
1817 1626 2249 1700 coloniarum
2284 1627 2741 1701 deductarum
2780 1627 3185 1701 memoriam

510 1761 795 1853 scriptis
849 1764 996 1838 suis
1076 1770 1487 1859 prosecutos
1567 1785 1726 1838 esse
1808 1765 2067 1840 scimus
2103 1761 2195 1854 ³).
2316 1763 2467 1838 Iam
2527 1787 2697 1838 vero
2762 1763 3185 1858 Mytilenaei

507 1901 840 1989 quamdiu
897 1898 1192 1992 Sigeum
1247 1903 1643 1996 tenuerint,
1710 1907 2095 1993 antequam
2164 1899 2651 1976 Athenienses
2702 1903 2793 1974 iis
2848 1902 3181 1997 oppidum

510 2035 688 2111 illud
729 2039 1177 2132 eripuerunt,
1233 2040 1373 2114 nisi
1407 2041 1606 2131 vagis
1643 2046 1718 2114 et
1758 2041 2046 2114 incertis
2081 2040 2505 2114 coniecturis
2544 2041 2699 2112 erui
2735 2062 2877 2114 non
2922 2047 3180 2132 potest.

718 2175 920 2269 Quae
987 2177 1193 2251 nobis
1257 2177 1558 2252 subinde
1613 2178 1702 2252 de
1770 2175 1985 2270 Sigeo
2058 2180 2526 2252 innotuerunt
2590 2179 2728 2252 iam
2802 2179 2892 2252 ad
2961 2176 3187 2252 Athe-

510 2315 861 2388 niensium
945 2317 1476 2408 occupationem
1555 2317 1944 2412 pertinent.
2052 2317 2281 2410 Quam
2363 2317 2903 2392 vindicationem
2961 2316 3182 2411 Phry·

510 2473 696 2526 none
801 2453 978 2528 duce
1062 2452 1313 2527 factam
1399 2475 1592 2547 esse,
1693 2455 1863 2530 item
1964 2453 2343 2529 Strabonis
2428 2457 2833 2530 testimonio
2920 2456 3181 2550 accepi-

504 2612 660 2664 mus
707 2613 775 2682 p.
821 2592 1012 2664 599:
1068 2596 1258 2662 τοῦτο
1313 2580 1630 2698 (Σίγειον)
1686 2591 1760 2663 δὲ
1825 2593 2151 2688 κατέσχον
2227 2591 2346 2686 μὲν
2418 2586 2777 2690 Ἀθηναῖοι
2852 2589 3180 2692 Φρύνωνα

497 2726 605 2798 τὸν
681 2727 1143 2826 ὀλυμπιονίκην
1210 2728 1614 2826 πέμψαντες,
1669 2725 1970 2830 Λεσβίων
2052 2716 2607 2824 ἐπίδικαζομένων
2662 2729 2900 2826 σχεδόν
2952 2755 3011 2801 τι
3062 2739 3181 2828 τῆς

502 2867 860 2964 συμπάσης
945 2862 1285 2965 Τρῳάδος.
1377 2867 1490 2942 Ita
1586 2869 2062 2961 occupationis
2154 2874 2435 2961 tempus
2503 2869 2619 2944 vel
2729 2870 3177 2961 aliquomodo

510 3005 792 3079 definiri
865 3012 1133 3101 potest,
1225 3026 1376 3081 cum
1461 3028 1550 3081 ex
1617 2974 1946 3083 Africani
2030 3008 2259 3080 indice
2340 3006 2875 3101 Phrynonem
2958 3007 3179 3083 Athe-

507 3145 821 3218 niensem
853 3144 944 3218 ol.
979 3146 1076 3219 36
1105 3170 1200 3209 =
1241 3146 1390 3217 636
1432 3166 1496 3219 a.
1534 3143 1703 3218 Chr.
1736 3140 2069 3237 Olympio
2084 3145 2469 3219 certamine
2522 3144 2773 3217 vicisse
2800 3151 3077 3219 constet
3100 3143 3178 3243 ⁴).

522 3352 810 3359 —-——-—-—-—

611 3512 618 3517 ·
711 3489 782 3568 1)
831 3489 910 3553 E.
977 3490 1388 3572 Meyer-us,
1453 3486 1854 3551 Geschichte
1915 3504 2049 3551 von
2114 3486 2351 3551 Troas.
2425 3487 2616 3569 ·Lpz.
2680 3486 2873 3565 1877,
2940 3508 3003 3572 p.
3053 3490 3171 3553 83:

504 3574 660 3658 „lhr
707 3576 966 3641 Fuhrer
1014 3576 1460 3639 Archaeanax
1506 3573 1631 3637 soll
1678 3573 1799 3637 der
1859 3572 2415 3657 Ueberliel‘erung
2473 3574 2640 3639 nach
2705 3575 2877 3639 dazu
2946 3577 3175 3641 Steine

504 3680 635 3726 von
671 3662 802 3727 den
835 3662 1112 3728 Mauern
1161 3662 1366 3727 llions
1413 3660 1764 3726 verwandt
1811 3660 2055 3741 baben,
2107 3678 2245 3725 was
2292 3660 2679 3743 unmoglich
2727 3660 2884 3725 ist.“
2974 3660 3171 3744 Quod

503 3766 635 3830 qna
679 3768 753 3813 re
803 3752 988 3813 nisus
1035 3750 1384 3831 negaverit
1425 3746 1545 3811 illa
1589 3746 1902 3831 equidem
1952 3746 2201 3811 nescio.
2388 3790 2413 3801 -

711 3838 784 3912 2)
858 3836 1244 3900 Admodum
1291 3837 1604 3918 copiosus
1675 3833 2193 3898 Dnnckerus
2261 3832 2345 3897 G.
2417 3832 2485 3897 d.
2540 3834 2621 3897 A.
2696 3830 2819 3897 v1⁵
2873 3854 2935 3916 p.
3006 3834 3168 3901 13⁴:

512 3920 896 4003 „(Sigeion)
943 3921 1234 3986 welches
1279 3924 1452 3987 eiust
1499 3921 1721 4003 Konig
1781 3919 2233 3985 Archaeanex
2299 3935 2430 3983 von
2500 3918 2823 4001 Mytilene
2878 3923 3169 4004 erobert,

505 4006 832 4073 besiedelt
876 4008 1012 4072 und
1063 4008 1377 4089 besestigt
1423 4002 1673 4071 batte.“

712 4095 784 4175 3)
832 4094 1032 4159 Velut
1077 4094 1484 4177 Myrsilus
1529 4094 2203 4175 Methymnaeus,
2252 4093 2440 4159 cuius
2484 4093 2663 4157 haud
2713 4091 3041 4157 dissimile
3088 4094 3172 4159 de

506 4183 713 4245 Asso
759 4182 1214 4246 testimonium
1264 4186 1484 4245 exstat
1527 4180 1704 4263 apud
1755 4178 1974 4245 Strab.
2025 4180 2262 4262 p.610.
2357 4178 2544 4245 Idem
2594 4179 2841 4261 colligo
2872 4199 2955 4243 ex
2990 4178 3167 4245 Plut.

501 4268 587 4330 de
629 4267 782 4331 soll.
836 4287 944 4332 an.
998 4288 1055 4333 c.
1108 4268 1213 4331 36.
1307 4265 1566 4348 Myrsili
1633 4271 1918 4333 aetatem
1984 4264 2361 4348 exploravit
2409 4263 3024 4331 Mullenhoffius
3080 4266 3165 4331 D.

623 4375 666 4438 p
704 4442 777 4522 4)
822 4440 948 4505 Iul.
1006 4439 1300 4504 African.
1351 4458 1407 4503 s.
1457 4437 1548 4502 ol.
1597 4438 1712 4502 36:
1769 4434 2023 4521 Φρύνων
2058 4436 2396 4516 Ἀθηναῖος
2438 4435 2709 4501 στάδιον.
2756 4435 2823 4514 ’ὃς
2878 4440 3170 4529 Πιττακῷ

493 4529 854 4611 μονομαχῶν
899 4524 1182 4621 ἇνῃρέθη.
1273 4524 1641 4609 Ruigera
1689 4545 1753 4608 p.
1811 4525 1892 4588 13
1930 4542 2050 4606 pro
2122 4522 2372 4587 στάδιον
2428 4525 2709 4589 coniecit
2766 4520 3165 4610 παγκράτιον,

497 4614 744 4698 quippe
809 4633 960 4677 cum
1024 4630 1112 4676 ex
1173 4628 1284 4692 ee,
1347 4613 1528 4694 quod
1589 4612 1862 4694 Phryne
1921 4629 2071 4675 cum
2122 4609 2379 4675 Pittaco
2425 4612 2795 4675 certamine
2840 4611 3169 4689 singulari

502 4719 902 4782 congressus
950 4706 1158 4779 esset,
1203 4701 1420 4781 magis
1465 4698 1653 4763 illum
1701 4698 1998 4780 corporis
2030 4694 2291 4775 robore,
2342 4716 2545 4779 quam
2580 4697 2939 4763 velocitate
2970 4699 3170 4779 insig-

495 4806 650 4851 nem
697 4788 938 4867 fuisse‚
1003 4790 1382 4870 appareret.
1477 4782 1670 4867 Quae
1713 4784 1986 4868 quidem
2032 4784 2455 4849 ratiocinatio
2503 4784 2739 4848 dubito
2794 4802 2880 4848 an
2938 4784 3165 4867 paullo

497 4876 580 4938 sit
629 4874 988 4957 spinosior.
1092 4876 1405 4937 Attamen
1469 4890 1618 4935 cum
1681 4871 1860 4954 apud
1927 4870 2303 4952 Diogenem
2355 4867 2409 4951 1,
2467 4869 2623 4950 §74
2686 4870 2959 4954 Phryne
3012 4896 3159 4954 παγ·

495 4962 858 5042 κρατιασιῆς
881 4958 1298 5043 ὃλυμπιονίκης
1332 4956 1587 5039 audiat,
1627 4957 1768 5023 fieri
1806 4962 2051 5040 potest,
2093 4962 2165 5021 ut
2193 4960 2450 5021 rectum
2482 4955 3164 5039 videritillequidem.
