4057 5790
1591 585 2101 654 -31-

503 823 765 914 agitur,
818 843 961 896 non
1014 821 1383 915 Eleusine,
1467 823 1592 896 sed
1648 821 2071 896 Halimunte
2151 825 2240 896 ad
2299 823 2665 897 Ooliadem
2724 825 2884 897 fieri
2966 827 3181 899 solita

505 980 664 1034 esse
708 961 1130 1034 Plutarchus
1185 967 1262 1033 et
1310 961 1730 1052 Polyaenus
1777 968 1970 1036 recte
2027 963 2327 1035 (locent.c

713 1097 818 1170 At
867 1099 1159 1172 verbum
1221 1096 1765 1196 θεσμοφοριάζειν
1819 1101 2038 1174 etiam
2088 1102 2177 1175 de
2224 1101 2385 1174 aliis
2430 1101 2803 1173 mulierum
2857 1102 3196 1203 solemni·-

504 1235 638 1308 bus
688 1255 768 1309 ac
825 1237 914 1309 de
969 1238 1140 1310 solis
1181 1237 1763 1330 Thesmophoriis
1820 1238 2084 1313 dictum
2138 1257 2295 1312 esse
2350 1244 2650 1314 constat.
2680 1235 2731 1328 ¹)
2832 1235 2985 1313 Nec
3038 1261 3177 1311 non

504 1374 576 1446 in
627 1373 968 1448 Eleusine
1023 1377 1205 1448 talia
1246 1395 1452 1450 sacra
1511 1373 1698 1450 facta
1743 1395 1900 1450 esse
1955 1377 2282 1449 nunciam
2332 1373 2741 1474 constat.2).
2832 1377 3181 1468 Quocirca

505 1531 643 1586 non
721 1520 856 1608 est,
935 1531 1059 1588 cur
1130 1491 1220 1588 oh
1296 1515 1476 1589 hanc
1555 1535 1836 1590 causam
1887 1513 2187 1589 Aeneae
2277 1521 2353 1587 et
2406 1514 2624 1605 Trogi
2692 1515 3177 1591 testimonium

505 1652 984 1745 adspargatur
1035 1655 1458 1748 suspicione.
1567 1654 1886 1746 Accedit,
1941 1654 2128 1745 quod
2184 1653 2839 1745 BegemannuS,
2894 1671 3048 1726 cum
3104 1655 3175 1724 in

501 1792 998 1882 promunturio
1046 1787 1408 1866 Goliade
1460 1790 1748 1865 Cereris
1819 1811 2021 1866 sacra
2080 1791 2269 1867 facta
2322 1791 2773 1883 essesumit,
2841 1811 3177 1896 summam

506 1925 1021 2022 difficultatem,
1059 1929 1149 2000 ad
1187 1947 1337 2000 rem
1375 1929 1602 2020 ipsam
1645 1936 2108 2020 spectantem,
2152 1929 2552 2004 narrationi
2598 1929 2939 2003 obtrudit.
2999 1924 3175 2001 Cum

503 2065 692 2138 enim
749 2066 990 2140 hostes
1047 2087 1136 2136 ex
1185 2066 1350 2157 ipsa
1403 2066 1578 2138 urbe
1623 2064 1943 2158 Megaris
1999 2073 2248 2140 contra
2297 2068 2774 2140 Athenienses
2826 2065 3177 2158 profectos

513 2226 669 2278 esse
723 2203 1227 2297 Begemannus
1301 2205 1454 2297 ipse
1510 2227 1666 2277 eum
1723 2205 1986 2278 Aenea
2039 2215 2113 2279 et
2181 2207 2417 2297 Trogo
2494 2206 2853 2297 statuerit,
2930 2201 3178 2294 Mega-

503 2347 818 2416 rensium
899 2363 1176 2434 quoquc
1263 2342 1606 2434 impetum
1704 2365 1846 2417 non
1927 2346 2068 2418 nisi
2156 2345 2245 2418 ad
2328 2345 2861 2418 Eleusinem
2942 2349 3179 2434 potest

503 2481 793 2554 referre.
845 2480 1315 2574 Megarenses
1363 2485 1575 2577 enim,
1631 2487 1694 2556 si
1740 2504 1825 2555 ex
1890 2484 2067 2557 urbe
2120 2505 2249 2556 sua
2297 2490 2586 2576 praeter
2635 2505 2832 2556 oram
2872 2479 3175 2555 Atticam

507 2641 727 2710 usque
780 2622 870 2693 ad
918 2622 1490 2713 promunturium
1543 2601 1914 2694 Goliadem
1971 2623 2154 2696 vecti
2210 2631 2476 2714 essent,
2557 2623 2765 2694 nimis
2821 2620 3056 2696 audax
3111 2627 3184 2692 et

505 2759 694 2850 quod
747 2761 865 2830 vix
910 2757 1102 2861 'effici
1144 2761 1382 2851 potuit
1427 2757 1695 2832 facinus
1751 2761 2083 2832 nimirum
2166 2769 2408 2834 essent
2461 2763 2726 2836 conati.
2836 2757 2989 2832 Nec
3038 2759 3181 2832 tale

505 2900 648 2971 iter
697 2900 786 2971 ab
841 2902 991 2973 ullo
1049 2903 1342 2992 antiquo
1389 2902 1740 2993 scriptore
1788 2922 2081 2991 usquam
2121 2900 2551 2991 descriptum
2599 2906 2712 2971 est
2760 2900 2888 2971 sed
2929 2919 3186 2989 nuper-

505 3039 680 3109 rime
735 3038 1014 3111 demum
1059 3062 1101 3112 a
1155 3039 1558 3113 recentibus
1611 3040 1959 3125 ,eiusmodi
2005 3039 2173 3110 ficta
2226 3047 2339 3110 est
2396 3034 2613 3135 via.³)

719 3177 818 3251 Ac
872 3177 1177 3267 denique
1231 3184 1311 3249 ut
1354 3178 1452 3269 id,
1521 3179 1712 3267 quod
1763 3178 2058 3249 militari
2117 3176 2245 3248 illo
2300 3175 2615 3250 facinore
2670 3172 2993 3248 effectum
3050 3180 3183 3265 est,

508 3316 698 3406 apud
753 3314 1216 3391 Plutarchum
1274 3316 1748 3410 amplificatur
1800 3324 1874 3388 et
1927 3290 2342 3405 ahangetun
2404 3315 2505 3385 ita
2552 3314 2763 3384 etiam
2820 3312 3013 3384 ducis
3050 3311 3187 3384 cal-

503 3453 748 3527 liditas
803 3454 1318 3545 quodammodo
1373 3454 1558 3548 apud
1615 3474 1773 3525 eum
1853 3453 2043 3524 elata
2119 3458 2193 3523 et
2262 3450 2616 3523 cumulata
2689 3458 2837 3522 est:
2926 3448 3187 3523 invitat

503 3592 1050 3666 Atheniensium
1145 3594 1288 3663 dux
1367 3594 1519 3682 ipse
1600 3614 1732 3682 per
1801 3589 2243 3680 transfugam
2328 3590 2569 3661 hostes
2650 3588 2737 3658 ad
2810 3588 3181 3659 mulierum

710 3939 776 4019 1)
865 3936 1230 4019 Xenoph.
1285 3933 1618 3998 Hellen.
1683 3934 1767 3995 V.
1839 3931 1904 4012 2,
1974 3932 2079 3995 29.
2182 3933 2257 3995 A.
2303 3931 2519 4012 Hug,
2592 3928 2683 3991 M.
2746 3928 2869 3993 Rh.
2917 3926 3183 3991 XXXII

501 4043 570 4107 p.
615 4024 765 4105 629,
817 4042 1030 4107 quem,
1067 4024 1326 4085 utinam
1372 4020 1777 4102 inspexisset
1821 4020 1926 4083 Be
1947 4034 2427 4101 gemannus.

706 4110 778 4195 2)
870 4109 1093 4176 Schol.
1162 4112 1230 4185 in
1298 4107 1578 4171 Lucian.
1640 4105 1800 4170 dial.
1871 4110 2141 4169 mei-etr.
2190 4104 2335 4185 VII,
2400 4104 2435 4165 4
2509 4100 2723 4179 (edita
2765 4120 2807 4165 a
2853 4100 3183 4165 Rohdio

500 4200 570 4262 in
616 4198 706 4262 M.
758 4196 886 4263 Rh.
936 4194 1131 4260 XXV
1176 4216 1242 4279 p.
1294 4194 1422 4257 528
1468 4194 1642 4277 sq.)·.
1710 4190 1774 4256 ἓν
1836 4189 2018 4281 werp
2090 4195 2194 4254 καὶ
2258 4186 2464 4269 τελετή
2504 4213 2596 4263 τις
2639 4186 2947 4270 εἶσᾶγεται
2988 4211 3185 4270 γυναι-

500 4290 621 4349 κῶν
660 4284 726 4348 ἓν
761 4282 1058 4389 Ἐλευςῖνι
1103 4288 1208 4346 καὶ
1265 4282 1528 4373 παιδιαὶ,ἱ
1554 4284 1826 4361 λέγονται
1871 4282 2102 4389 πολλαὶ,
2135 4283 2237 4340 καὶ
2280 4274 2635 4358 σκώμματα·
2677 4272 2871 4373 μόναι.
2889 4276 2959 4339 δὲ
2983 4283 3179 4356 >tvvat-

499 4395 604 4523 23⁸5
647 4392 1140 4521 330935‘2513‘:
1149 4387 1290 4545 99·
1349 4366 2021 4535 ᾱᾶἳῗῧὲῗέἷωέἶω
2082 4361 3178 4514 silam{2.:¹.⁰¹;0⁸122¹.¹‡:32‘¹123:

506 4544 830 4611 translata
877 4550 1069 4609 erant
1099 4562 1186 4605 ex
1217 4545 1363 4626 ipsa
1395 4540 1735 4605 Eleusine.
1813 4536 2147 4601 Uberior-a
2192 4537 2279 4600 ad
2322 4537 2493 4601 haec
2537 4552 2730 4600 sacra
2774 4532 3180 4617 pertinentia

506 4632 944 4696 inveniuntur
1019 4650 1198 4694 nune
1271 4628 1449 4711 apud
1525 4626 2057 4690 Robertum
2128 4623 2359 4688 Herm.
2410 4620 2552 4688 XX
2619 4641 2684 4704 p.
2750 4622 2877 4685 3⁴9
2936 4640 3035 4705 sq.
3112 4625 3180 4682 et

503 4718 917 4783 Rohdium
965 4716 1235 4781 Herm.
1286 4713 1451 4779 XXI
1494 4735 1556 4798 p.
1604 4713 1732 4777 116
1776 4728 1872 4793 sq.

710 4804 784 4885 3)
872 4804 1186 4870 Eundem
1257 4820 1338 4866 ac
1393 4802 1864 4880 Begemannus
1929 4814 2229 4861 errorem
2275 4794 2634 4859 committit
2681 4792 3177 4856 Dunckerus

505 4891 590 4954 G.
640 4890 704 4957 d.
755 4895 834 4955 A.
870 4888 994 4955 vl⁵
1037 4912 1100 4973 p.
1130 4891 1282 4953 m.
1365 4886 1804 4952 Busoltius
1851 4888 1970 4949 has
2013 4882 2431 4965 singulorum
2481 4882 2883 4963 scriptorum
2930 4879 3174 4965 discre-

505 4980 764 5060 pantias
811 4980 1088 5043 omnino
1133 4995 1268 5040 non
1313 4975 1603 5056 attingit.
