4057 5790
1997 544 2515 613 „13-

907 789 1372 878 reverterim,
1451 790 1556 858 ita
1627 795 1709 858 ut
1771 777 1870 854 ἐπ’
1944 783 2481 880 ἐξεργασμένοισι
2540 786 2821 857 demum
2904 785 2976 860 ἐς
3022 783 3095 854 τὸ
3150 784 3597 880 στρατόπεδον

911 926 1398 1020 pervenerint.
1427 923 2002 1015 promunturium
2032 921 2223 993 illud
2272 942 2717 1011 nequaquam
2773 922 3207 996 exadversus
3256 920 3321 994 L
3342 943 3383 994 e
3405 944 3595 995 rum

907 1063 1214 1135 insulam
1271 1064 1485 1134 sitnm
1538 1060 1759 1133 fuisse
1809 1067 2079 1151 potest,
2132 1059 2259 1131 ubi
2306 1060 2541 1149 ipsum
2578 1060 2933 1151 proelium
2968 1060 3165 1130 inter
3200 1057 3597 1133 Phoenices

907 1207 990 1272 et
1059 1199 1546 1270 Athenienses
1625 1196 2002 1286 flagrabat.
2112 1193 2577 1270 Evanescunt
2654 1217 2903 1268 omnes
2968 1195 3455 1287 difficultates,
3536 1197 3593 1266 si

911 1335 1418 1407 Adeimantum
1465 1335 1660 1404 inter
1713 1331 2265 1425 Cynosuram
2336 1332 2832 1424 paeninsulam
2890 1341 2965 1406 et
3036 1333 3595 1423 Psyttaleiam

905 1474 1190 1544 domum
1273 1470 1632 1560 aufugisse
1711 1472 2116 1542 statuimus.
2224 1473 2326 1540 Ac
2379 1471 2714 1542 convenit
2776 1473 3043 1562 optime
3098 1489 3251 1543 cum
3306 1470 3439 1544 hac
3492 1492 3597 1560 re,

903 1610 1096 1699 quod
1172 1609 1366 1699 apud
1436 1607 1902 1680 Plutarchum
1975 1605 2517 1679 Corinthiorum
2578 1609 2745 1678 navi
2815 1604 3123 1698 fugienti
3194 1606 3397 1701 κέλης
3468 1609 3594 1679 ille

3599 1046 3629 1084 Ι

903 1750 1244 1838 συντυχεῖν
1299 1746 1559 1816 dicitur
1612 1741 1946 1838 περὶτὰ
1999 1742 2381 1838 λήγοντα
2449 1750 2607 1839 τῆς
2675 1741 3193 1838 Σαλαμινίας
3245 1745 3397 1836 (cui
3443 1746 3595 1816 loco

905 1884 1096 1974 apud
1165 1880 1616 1955 Herodotum
1679 1881 2068 1972 respondet
2143 1880 2217 1948 τὸ
2290 1879 2463 1976 ἱερὸν
2523 1874 2910 1976 Ἀθηναίης
2987 1879 3363 1977 Σκιράδος).
3452 1884 3596 1954 lam

908 2039 1082 2090 vero
1128 2039 1284 2091 cum
1330 2018 1552 2090 verba
1617 2018 1748 2089 illa
1797 2017 2205 2090 referantur
2272 2018 2362 2090 ad
2436 2016 2768 2106 aliquem,
2850 2020 2973 2106 qui
3027 2039 3113 2090 ex
3166 2017 3351 2090 freto
3402 2016 3597 2091 Sala·

913 2156 1130 2228 minio
1187 2129 1582 2229 tetenderit
1646 2154 2101 2243 Corinthum,
2165 2153 2517 2246 profecto,
2594 2155 2659 2224 si
2740 2155 3046 2246 simplici
3120 2163 3359 2228 mente
3444 2177 3591 2228 rem

911 2301 1336 2410 spectamuS,
1390 2293 1862 2365 meridianum
1905 2294 2187 2364 insulae
2238 2293 2456 2366 finem
2492 2291 2605 2365 hic
2644 2313 2803 2364 esse
2840 2273 3315 2386 intellectum,'
3347 2314 3593 2364 omnes

915 2431 1132 2502 habet
1185 2431 1714 2520 probabilitatis
1764 2453 2126 2503 numeros,

1105 2565 1321 2656 Quae
1377 2586 1533 2638 cum
1585 2568 1690 2638 ita
1727 2567 1876 2638 sint
1927 2565 2220 2639 Lollin
2240 2568 2359 2658 gii
2412 2567 2665 2639 verba:
2774 2565 2899 2657 ‚So
2953 2565 3151 2637 fiihrt
3200 2568 3357 2639 also
3414 2569 3594 2639 auch

915 2704 1031 2774 die
1081 2701 1378 2792 Angabe
1425 2702 1794 2776 Herodots
1849 2701 2126 2794 darauf,
2184 2704 2311 2775 das
2366 2702 2809 2775 skiradische
2848 2701 3301 2792 Vorgebirge
3340 2725 3429 2775 an
3467 2704 3597 2774 der

918 2839 1366 2931 Skarmanga
1443 2842 1616 2914 oder
1695 2840 1983 2913 Eleusis
2068 2841 2550 2931 zugekehrten
2636 2837 2834 2914 Seite
2918 2860 3057 2912 von
3141 2837 3443 2913 Salamis
3506 2861 3591 2912 zu

917 2949 1208 3051 suchen‘·
1287 2976 1564 3072 (Mitth.
1621 2976 1658 3049 Ι
1705 3000 1778 3068 p.
1841 2980 2019 3069 135)
2076 2979 2433 3051 imbecilla
2469 2978 2642 3049 mihi
2676 2978 3012 3049 videntur
3046 2998 3226 3049 esse.
3317 2977 3597 3068 Quippe

919 3116 1239 3205 cogimur
1291 3116 1449 3205 ipsa
1503 3117 1918 3188 narratione
1973 3115 2421 3208 Herodotea‚
2502 3123 2583 3188 ut
2632 3114 3028 3188 Sciradium
3058 3115 3153 3187 in
3210 3114 3603 3186 meridiana

871 3255 1192 3325 ‘insulae
1245 3261 1476 3347 parte,
1540 3252 1665 3324 ubi
1715 3254 2009 3323 Kokki
2062 3275 2265 3325 mons
2310 3256 2408 3324 in·
2438 3274 2635 3325 mare
2690 3253 3069 3343 procurrit,
3153 3272 3599 3341 quaeramus.

919 3388 1075 3463 Nec
1129 3412 1310 3480 quae
1371 3392 1456 3461 de
1507 3389 1882 3462 Minervae
1954 3388 2269 3462 Sciradis
2334 3391 2532 3464 cultu
2579 3388 2975 3463 Salaminio
3028 3388 3395 3479 praedicat
3439 3387 3605 3461 Lol·

921 3528 1180 3615 lingius
1250 3530 1352 3599 ita
1421 3526 1804 3600 manifesta
1863 3535 2058 3600 sunt.
2170 3526 2613 3601 Oolebantur
2664 3529 2907 3618 procul
2964 3526 3180 3598 dubio
3242 3524 3602 3599 Salamine

915 3667 989 3735 in
1044 3666 1288 3737 insula
1339 3666 1454 3736 vel
1509 3667 1778 3737 multae
1833 3666 2026 3737 aliae
2072 3666 2299 3756 deae,
2356 3666 2443 3737 de
2500 3686 2797 3754 quarum
2850 3665 3133 3753 quidem
3187 3663 3404 3734 sacris
3460 3682 3604 3735 cer-

916 3802 1100 3874 tiora
1153 3803 1466 3873 nondum
1521 3803 1967 3874 devenerunt
2021 3804 2110 3875 ad
2167 3825 2319 3874 nos.
2348 3799 2397 3897 ¹)
2502 3804 2753 3891 Itaque
2792 3802 3139 3892 pristinus
3191 3800 3341 3889 ille,
3396 3820 3599 3888 quem

917 4006 1083 4014 -——
1098 4008 1224 4015 ---.-....

1124 4122 1196 4201 1)
1287 4121 1668 4188 Edocemur
1713 4126 1816 4188 his
1863 4125 1951 4188 de
1995 4127 2198 4189 rebus
2244 4143 2463 4207 paene
2506 4126 2669 4190 solis
2727 4123 3094 4206 lapidibus.
3167 4156 3245 4171 —
3320 4123 3604 4185 Videtur

917 4214 1144 4271 autem
1213 4212 1286 4271 ut
1331 4208 1678 4273 Minervae
1719 4210 2012 4274 Seiradis
2068 4214 2165 4275 ita
2210 4208 2560 4276 Cereris
2620 4228 2891 4294 quoque
2936 4210 3152 4275 cultus
3196 4208 3604 4273 Salaminius

916 4294 1000 4357 ad
1069 4310 1306 4376 rupem
1371 4297 1714 4376 quandam
1792 4298 2217 4360 adhaesisse:
2298 4298 2487 4360 Suid.
2552 4317 2609 4360 s.
2660 4316 2725 4359 v.
2795 4299 3167 4377 Σαλαμῖνος·
3214 4294 3347 4358 ἔστι
3392 4298 3461 4359 δὲ
3502 4301 3605 4357 καὶ

906 4378 1279 4459 Ἀγέλαστος
1321 4386 1515 4463 πέτρα
1560 4381 1892 4465 καλουμένη
1923 4428 1940 4444 .
1965 4428 1981 4444 .
2006 4428 2022 4444 .
2072 4381 2163 4445 ὅτι
2210 4381 2341 4445 ἐκεῖ
2377 4383 2699 4461 §tuamen
2742 4380 2781 4461 ἦ
2821 4382 3107 4466 Δὴμητρα
3150 4385 3460 4454 κλαίουσα,
3506 4380 3607 4443 ὅτε

915 4463 1107 4543 ἐζήτει
1150 4466 1256 4542 τὴν
1299 4464 1499 4549 κόρην.
1590 4465 2026 4551 Quamquam
2073 4486 2211 4550 qua
2258 4475 2364 4531 est
2409 4475 2550 4533 tota
2592 4471 2763 4533 haee
2805 4468 3037 4531 fabula
3078 4464 3459 4531 mobilitate
3489 4466 3607 4529 alii

915 4567 1152 4632 rupem
1200 4567 1472 4632 quoque
1515 4554 1718 4617 istam
1767 4554 1900 4617 alio
1949 4553 2460 4617 transtulerunt.
2508 4586 2587 4601 -
2665 4553 2769 4617 De
2814 4554 3182 4617 Hecates
3241 4551 3603 4616 simulacro

915 4634 1263 4699 Salamine
1327 4644 1621 4719 reperto:
1723 4639 2060 4704 Kekule
2129 4641 2283 4703 Ant.
2338 4638 2579 4703 Bildw.
2632 4640 2700 4703 d.
2752 4638 2955 4703 Thes.
3005 4660 3069 4702 n.
3120 4640 3227 4701 72.
3360 4638 3603 4701 Furt-

812 4737 820 4746 ·
918 4720 1386 4802 waengler‚
1436 4722 1652 4789 Mitth.
1693 4724 1811 4791 111.
1857 4746 1924 4807 p.
1975 4727 2126 4789 194.
2228 4725 2331 4787 Ad
2380 4725 2671 4790 eandem
2716 4726 2916 4790 deam
2962 4724 3144 4789 haud
3190 4726 3329 4789 scio
3376 4742 3465 4787 an
3510 4742 3606 4786 re-

917 4808 1198 4871 ferenda
1253 4809 1338 4870 sit
1403 4809 1638 4874 tabula
1695 4814 1924 4875 votiva
1985 4812 2163 4893 apud
2213 4812 2711 4875 Schoenium
2768 4808 3065 4893 (Grieeh.
3113 4808 3267 4874 Rel.
3333 4829 3397 4891 p.
3448 4807 3603 4889 108)

915 4893 1206 4976 depicta,
1278 4912 1482 4976 quam
1551 4898 1824 4980 quidem
1891 4896 2160 4979 Sybel
2206 4898 2465 4977 (Katal.
2518 4900 2675 4975 315)
2718 4907 2993 4961 revocat
3035 4898 3123 4964 ad
3168 4898 3318 4960 Pro
3340 4897 3602 4977 serpi-
