4057 5790
1954 571 2467 648 Δ.-94.....

875 807 1022 888 illis
1110 815 1522 907 regionibus
1602 815 2129 912 perduraverit,
2178 820 2388 892 ·inde
2488 821 2661 894 satis
2743 823 3060 897 cernitur
3148 821 3335 912 quod
3437 821 3551 894 vel

875 961 1133 1044 quarto
1182 961 1347 1028 ante
1400 956 1763 1032 Christum
1801 959 2091 1034 saeculo
2132 957 2580 1032 Tenedios
2619 980 2773 1034 cum
2814 958 3051 1050 Sigeis
3094 960 3543 1050 ambigentes

876 1094 966 1166 ad
1019 1093 1399 1167 Periandri
1454 1097 1824 1169 arbitrium
1880 1099 2366 1193 provocavisse
2404 1093 2771 1196 constat¹).
2843 1095 3091 1189 Itaque
3132 1119 3274 1170 non
3316 1095 3547 1188 video,

791 1219 800 1236 ⁸
875 1249 998 1304 cur
1053 1231 1562 1325 Apollodorus,
1637 1255 1789 1309 cum
1841 1235 2197 1311 Chronica
2275 1259 2405 1310 sua
2467 1242 2921 1330 componeret
2972 1237 3296 1309 notitiam
3348 1235 3546 1306 illius

877 1373 1007 1464 rei,
1062 1373 1277 1445 etiam
1336 1371 1793 1447 Herodoti
1846 1377 2251 1448 testimonio
2308 1377 2483 1449 satis
2532 1376 2959 1468 celebratae,
3012 1375 3451 1470 potissimum
3506 1393 3545 1444 e

880 1509 1250 1583 Demetrio
1306 1515 1722 1607 perceperit.
1831 1511 2050 1586 Certa
2096 1515 2423 1587 nimirum
2460 1515 2547 1587 de
2585 1515 3007 1606 Apollodori
3052 1519 3339 1588 auctore
3387 1533 3547 1604 pro·

880 1644 1069 1720 ferre
1122 1670 1264 1720 non
1319 1651 1484 1722 licet
1534 1673 1762 1742 neque
1811 1651 1882 1722 in
1941 1673 2019 1722 re
2076 1652 2361 1724 aliunde
2432 1653 2612 1723 satis
2691 1657 3049 1742 comperta
3114 1647 3371 1741 refert3
3435 1670 3547 1720 ve-

877 1791 1270 1858 rumtamen
1325 1788 1548 1860 multo
1601 1789 2041 1880 probabilius
2098 1797 2208 1862 est
2242 1789 2788 1881 Apollodorum,
2847 1791 3027 1862 sicut
3077 1787 3417 1880 pleraque
3467 1787 3542 1857 in

877 1921 1276 2020 chronicis,
1330 1928 1438 1999 ita
1487 1931 1668 2000 haec
1723 1949 1998 2018 quoque
2055 1951 2139 2001 ex
2175 1927 2679 2003 Eratosthenis
2716 1927 2902 2000 libro
2944 1926 3539 2016 transscripsisse.

1079 2062 1235 2136 Iam
1289 2065 1496 2137 venio
1547 2067 1636 2138 ad
1689 2068 2180 2166 gravissimum
2233 2074 2488 2139 testem
2540 2065 3154 2156 Herodotum,
3221 2063 3341 2153 qui
3392 2084 3541 2135 rem

878 2203 1052 2275 satis
1095 2201 1400 2276 dilucide
1456 2205 1560 2276 ita
1609 2206 1930 2295 exponit:
1987 2199 2475 2301 Μυτιληναίους
2544 2203 2617 2274 δὲ
2668 2203 2777 2274 καὶ
2828 2198 3237 2299 Ἀθηναίους
3289 2200 3541 2297 κατήλ-

872 2339 1034 2419 λαξε
1085 2335 1512 2438 Περίανδρος,
1545 2343 1580 2411 ὅ
1619 2337 1956 2438 Κυψέλου·
1995 2342 2211 2438 τούτῳ
2265 2341 2389 2439 γὰρ
2436 2341 2740 2437 διαιτητῇ
2768 2340 3241 2436 ἐπετράποντο·
3286 2337 3539 2434 κατήλ-

871 2477 1035 2558 λαξε
1081 2477 1160 2574 δὲ,
1209 2477 1364 2549 ὦδε·
1415 2477 1736 2573 νέμεσθαι
1784 2481 2138 2577 ἑκατέρους
2181 2482 2300 2577 τὴν
2348 2478 2593 2575 ἔχουσι.
2668 2477 3000 2573 Σίγειον
3056 2478 3175 2572 μέν
3214 2501 3324 2546 νυν
3359 2475 3539 2546 οὕτω

871 2615 1130 2711 ἐγένετο
1186 2613 1297 2688 ὑπ’
1351 2613 1789 2716 Ἀθηναίοισι.
1893 2617 2049 2692 Nec
2084 2627 2319 2692 tamen
2369 2617 2773 2712 defuerunt,
2828 2618 2949 2708 qui
2987 2618 3322 2690 disertam
3358 2616 3539 2690 hanc

874 2758 1360 2830 narrationem
1415 2759 1790 2832 studerent
1867 2757 2322 2831 labefactare.
2432 2756 2658 2829 Velut
2706 2753 2984 2829 Schoe
3016 2755 3214 2827 nius
3291 2760 3540 2829 contra

878 2898 1399 2970 consentientia
1477 2895 1906 2990 Apollodori
1983 2906 2057 2971 et
2132 2895 2488 2971 Herodoti
2576 2893 2987 2969 testimonia
3064 2891 3538 2965 Periandrum

875 3032 1438 3109 Atheniensibus
1538 3039 1822 3111 omnino
1925 3038 2306 3128 quidquam
2394 3036 2746 3109 addixisse
2838 3029 3233 3127 praefracte
3329 3036 3545 3120 negat

873 3198 941 3267 p.
1000 3172 1183 3265 749:
1235 3172 1468 3267 ,Nach
1521 3176 1679 3248 dem
1735 3182 1977 3248 ersten
2037 3176 2301 3263 Kriege
2356 3176 2429 3244 in
2510 3173 2639 3244 der
2696 3172 2826 3243 42¹¹
2880 3171 3055 3241 oder
3112 3170 3244 3239 43¹¹
3298 3164 3541 3261 Olym-

874 3312 1081 3401 piade
1141 3334 1281 3384 war
1335 3310 1684 3405 Mytilene
1741 3314 1967 3389 durch
2013 3314 2151 3387 den
2210 3310 2381 3402 Sieg
2444 3313 2569 3384 des
2616 3310 2937 3383 Pittacus
2990 3306 3137 3380 und
3195 3306 3310 3378 die
3363 3304 3538 3377 Ent-

875 3448 1264 3541 scheidung
1317 3451 1443 3523 des
1496 3450 1894 3525 Periander
1945 3453 2040 3523 im
2078 3451 2322 3524 Besitz
2378 3473 2511 3523 von
2554 3448 2843 3539 Sigeion
2886 3445 3313 3537 geblieben.‘
3368 3442 3543 3515 He-

875 3587 1166 3660 rodoti
1219 3590 1406 3661 enim
1456 3590 1674 3662 verba
1717 3586 1966 3683 Σίγειον
2021 3589 2141 3683 μέν
2215 3614 2324 3658 νυν
2403 3586 2576 3658 οὕτω
2634 3586 2895 3680 ἐγένετο
2956 3578 3065 3653 ὑπ’
3120 3577 3542 3678 Ἀθηναίοισι

875 3747 961 3797 ex
1010 3748 1253 3799 errore
1310 3734 1469 3800 orta
1532 3749 1714 3819 esse,
1795 3728 2165 3819 superiore
2232 3728 2457 3819 ipsius
2504 3725 2860 3797 Horodoti
2917 3720 3329 3794 narratione
3386 3739 3546 3808 pro-

870 3847 1051 3937 bari:
1161 3865 1800 3957 Apollodorum
1863 3888 2057 3957 vero,
2109 3872 2356 3957 utpote
2409 3866 2529 3955 qui
2583 3865 2771 3937 idem
2811 3860 3283 3937 Periandrum
3324 3853 3545 3927 Athe-

869 4004 1236 4077 niensibus
1293 4026 1540 4095 agrum
1611 4004 2046 4077 adiudicasse
2105 4004 2449 4095 traderet,
2519 4026 2933 4095 perversum
3015 4009 3145 4082 hoc
3224 4010 3540 4082 testimo-

867 4146 1062 4215 nium
1133 4165 1218 4215 ex
1292 4164 1630 4235 perversa
1680 4141 2041 4215 Herodoti
2120 4144 2531 4215 narratione
2600 4142 2945 4217 hausisse.
3054 4144 3245 4237 Ergo
3300 4150 3535 4221 neutri

866 4282 1076 4354 fidem
1131 4278 1623 4379 habendam2).

867 4452 1172 4459 ————-—-—---

1074 4560 1140 4647 1)
1189 4558 1466 4623 Aristot.
1515 4556 1714 4621 Rhet.
1767 4556 1820 4633 I,
1871 4556 1997 4621 15:
2069 4554 2199 4619 οἷον
2234 4554 2557 4636 Ἀθηναῖοι
2588 4552 2853 4647 ιΟμῆρῳ
2896 4555 3157 4641 μάρτυρι
3210 4557 3537 4643 ἕχρῆσαντο

868 4656 1008 4737 περὶ
1029 4646 1375 4731 Σαλαμῖνος
1402 4648 1506 4708 καὶ
1535 4644 1805 4707 Τενέδιοι
1849 4641 2097 4725 ἔναγχος
2116 4640 2370 4726 Περιά
2391 4672 2420 4705 ν
2437 4643 2581 4729 δ’ρῳ
2624 4646 2711 4727 τῷ
2728 4645 3053 4729 Κορινθίῳ
3080 4646 3235 4726 πρὸς
3256 4646 3537 4727 Σιγειεῖς.

1074 4734 1138 4823 2)
1191 4736 1522 4800 Probatur
1570 4730 1813 4795 durum
1857 4730 1984 4793 boe
2026 4729 2350 4793 iudicium
2400 4730 2500 4792 his
2546 4748 2609 4811 p.
2664 4731 2813 4795 748:
2866 4728 3272 4809 ‚Widerihn
3302 4730 3537 4813 (Apol-

863 4825 1092 4903 lodor)
1138 4822 1388 4907 sprieht
1431 4817 1554 4881 der
1597 4816 1956 4897 Umstand‚
2007 4815 2169 4879 dass
2215 4815 2323 4879 die
2369 4815 2643 4879 Lesbier
2689 4816 2831 4881 sich
2880 4816 3053 4879 nach
3102 4818 3325 4880 einem
3374 4815 3535 4880 voll-

864 4912 1218 4994 standigen
1288 4908 1488 4988 Siege
1552 4902 1946 4967 schwerlieh
2016 4902 2192 4965 dazu
2264 4901 2670 4967 verstanden
2740 4902 2959 4965 haben
3026 4904 3343 4983 worden,
3415 4902 3538 4966 das

867 5000 1542 5081 wiedergewonnene
1578 4990 1820 5055 Gebiet
1865 4988 2019 5052 dem
2066 4990 2409 5072 besiegten
2458 4988 2730 5069 Gegner
2775 4988 3029 5052 wieder
3059 4990 3532 5054 auszuliefern.
