4057 5790
1927 559 2487 634 -114-

867 794 1300 890 expugnatio
1351 793 1428 872 N
1453 816 1496 870 a
1523 798 1623 870 xi
1659 799 1976 896 insulae.
2084 800 2363 894 Quibus
2418 801 2747 876 omnibus
2780 821 2895 876 res
2937 799 3354 874 domesticas
3390 806 3538 872 tum

865 933 1050 1006 bene
1089 932 1308 1008 fuisse
1357 945 1804 1029 comparatas
1851 932 2313 1033 adprobatur.
2401 943 2653 1032 Itaque
2684 962 2823 1014 non
2854 943 3011 1012 erat
3036 937 3528 1023 dubitandum,

870 1072 1041 1162 quin
1096 1059 1470 1164 imperium
1527 1078 1765 1168 quiete
1816 1080 2285 1154 transiturum
2361 1086 2553 1154 esset
2629 1079 2719 1152 ad
2773 1077 3211 1170 Hippiam
3290 1075 3541 1150 filium.

869 1205 1028 1284 Hoc
1079 1216 1274 1285 certe
1330 1234 1747 1308 persuasum
1798 1217 2051 1292 habuit
2102 1223 2475 1312 tyrannm,
2514 1238 2670 1294 cum
2702 1214 2992 1307 Sigeum
3030 1225 3183 1288 non*
3203 1213 3543 1306 Hippiae,

869 1345 996 1420 sed
1043 1346 1701 1444 Hegesistrato
1763 1355 2260 1450 committeret,
2318 1355 2597 1430 nescius
2632 1354 2758 1427 ille
2788 1351 3073 1444 quidem
3102 1352 3247 1425 illic
3293 1351 3543 1425 domus

870 1505 1041 1558 suae
1070 1487 1443 1580 imperium
1474 1491 1756 1583 longius
1788 1492 2205 1566 duraturum
2244 1515 2430 1586 esse,
2452 1515 2663 1585 quam
2704 1490 3013 1565 Athenis
3050 1492 3247 1584 ipsis.
3302 1488 3545 1580 Atque

870 1623 1216 1700 atrebas
1275 1627 1464 1701 bello
1521 1625 1906 1702 Salaminio
1971 1630 2341 1723 praeclare
2402 1631 2625 1721 gestis
2678 1629 3108 1703 Pisistratus
3174 1627 3376 1701 inve
3400 1628 3545 1702 nis

863 1759 1167 1850 primum
1251 1766 1509 1840 civium
1581 1765 1824 1842 oculos
1877 1767 1950 1840 in
2023 1789 2101 1842 se
2171 1773 2667 1860 converterat,
2742 1769 2843 1842 ita
2894 1765 3067 1858 Sig
3100 1768 3195 1840 ei
3261 1785 3546 1858 recupe-

871 1898 1054 1974 ratio
1137 1900 1274 1974 iam
1365 1923 1765 1997 supremum
1843 1926 1878 1978 s
1909 1925 1948 1976 e
1978 1905 2137 1978 nis
2206 1904 2482 1980 facinus
2554 1905 2863 1979 militare
2936 1903 3158 1978 fuisse
3232 1905 3546 1978 videtur·

791 2017 798 2028 ⁸
873 2035 1312 2130 Quamquam
1385 2039 1768 2116 Salaminis
1857 2045 2289 2136 comparatio
2372 2045 2575 2118 valde
2666 2044 2907 2118 differt
2974 2044 3064 2117 ab
3145 2043 3275 2117 hac
3316 2023 3548 2134 'Sigei

873 2179 1418 2270 expugnatione.
1556 2178 1734 2253 Cum
1805 2183 1992 2256 enim
2063 2181 2115 2256 S
2143 2183 2399 2266 alam
2434 2184 2521 2256 is
2602 2182 2957 2275 extemplo
3036 2181 3143 2254 rei
3222 2181 3547 2276 publicae

873 2311 1162 2388 Atticae
1211 2316 1570 2392 cleruchia
1629 2315 1816 2395 facta
1877 2321 1994 2407 sit,
2084 2318 2330 2414 Sige
2360 2343 2405 2395 u
2438 2344 2501 2394 m
2577 2320 2715 2395 sibi
2768 2321 2945 2416 ipsis
3008 2319 3548 2396 vindicaverunt

873 2450 1394 2531 Pisistratidae.
1529 2455 1691 2532 Huc
1763 2459 1883 2548 qui
1959 2465 2038 2533 et
2091 2457 2399 2532 Athenis
2466 2466 2541 2532 et
2593 2457 3133 2535 Lacedaemone
3202 2457 3539 2550 expulsus

877 2595 1033 2663 erat
1061 2611 1138 2664 se
1169 2593 1486 2685 recipere
1514 2595 1746 2690 potuit
1774 2593 2104 2690 Hippiae.
2214 2597 2359 2670 Iam
2398 2618 2567 2670 vero
2593 2594 3259 2669 Pisistratidae
3314 2615 3549 2688 quam·

877 2727 999 2800 diu
1052 2731 1573 2820 possessionem
1627 2733 1808 2808 hanc
1855 2735 2301 2809 obtinuerint
2353 2739 2728 2827 nescimuS,
2812 2755 2967 2809 cum
3046 2755 3265 2825 usque
3319 2734 3407 2806 ad
3460 2755 3547 2804 ea

877 2871 1221 2961 tempora,
1298 2870 1556 2960 quibus
1629 2867 1922 2965 Sigeum
1996 2873 2073 2945 in
2153 2873 2580 2947 tributorum
2662 2872 3033 2948 laterculis
3111 2878 3547 2965 recensetur,

877 3026 1170 3097 prorsus
1224 3008 1425 3082 nulla
1482 3011 1634 3083 eius
1691 3011 1934 3105 oppidi
1981 3013 2321 3086 memoria
2375 3012 2743 3127 devenerit
2795 3011 2887 3085 ad
2940 3032 3088 3088 noe.
3131 3006 3177 3107 ¹)

1102 3246 1174 3323 1)
1219 3247 1388 3330 Ipsis
1431 3248 1536 3313 his
1569 3249 2138 3324 Pisistratiderum
2188 3249 2596 3333 temporibus
2630 3247 2833 3331 pilam
2878 3244 3327 3331 sepulcralem
3356 3245 3551 3309 Pha-

881 3329 1166 3395 nodiei
1217 3334 1895 3415 Proconnesii(1.
1931 3335 2016 3399 G.
2060 3339 2138 3400 A.
2169 3336 2316 3401 ⁴92.
2358 3335 2686 3416 Loewy,
2734 3332 2998 3399 Iuechr.
3036 3332 3285 3414 griech.
3316 3330 3537 3395 Bildh.

869 3415 1026 3498 Lpz.
1049 3416 1214 3481 1885
1248 3440 1314 3485 n.
1335 3422 1372 3484 ⁴
1407 3427 1476 3485 et
1520 3442 1580 3505 p.
1609 3420 1846 3503 Xvn)
1879 3423 2060 3503 Sigei
2084 3428 2376 3489 erectam
2409 3440 2576 3501 esse,
2608 3420 2895 3503 volgaris
2928 3420 3151 3485 adhuc
3184 3420 3267 3482 ho
3282 3420 3539 3483 minum

875 3500 1226 3569 doctorum
1270 3508 1496 3591 opinio
1543 3514 1714 3573 erat:
1813 3508 2433 3590 Kirchhoft'ius,
2484 3506 2829 3573 Gesch.·d.
2882 3505 3141 3589 griech.
3197 3504 3483 3589 Alphab.
3514 3501 3544 3542 ⁸

877 3589 1045 3672 p.24
1093 3609 1192 3675 sq.
1245 3592 1733 3673 Schutziue,
1782 3595 2073 3660 Historia
2115 3594 2382 3679 alphab.
2437 3599 2557 3658 att.
2609 3615 2675 3676 p.
2712 3592 2795 3656 18
2833 3613 2937 3678 sq.
3036 3592 3551 3656 Dunckerus

879 3676 963 3742 G.
999 3675 1067 3740 d.
1111 3680 1185 3741 A.
1230 3676 1350 3745 V1⁶
1377 3700 1443 3763 p.
1475 3680 1622 3746 467.
1706 3680 1840 3747 Sed
1890 3683 2083 3747 novis
2130 3680 2340 3746 titulis
2386 3682 2677 3745 inventis
2724 3682 2891 3745 haec
2935 3679 3271 3743 sententia
3316 3676 3552 3741 admo·

879 3762 1044 3827 dum
1089 3770 1193 3829 est
1237 3764 1611 3831 debilitata.
1737 3768 2247 3833 Atheniensium
2296 3767 2502 3849 illud,
2550 3766 2729 3851 quod
2780 3765 3256 3830 Koehierus
3300 3762 3549 3845 (Mitth.

877 3847 984 3917 IX
1051 3870 1114 3932 p.
1177 3851 1304 3915 11¹7
1361 3855 1496 3937 sq.)
1571 3854 1805 3938 edidit,
1875 3854 1963 3919 de
2019 3854 2365 3920 Salamine
2428 3852 2652 3917 insuia
2724 3852 3065 3917 decretum
3109 3850 3547 3932 inscriptione

877 3938 1080 4018 Sigea
1121 3939 1286 4003 eatis
1331 3957 1481 4005 esse
1524 3942 1856 4005 recentius
1901 3944 2237 4025 script-ura
2282 3942 2592 4005 nunciam
2641 3939 3027 4005 edocemur.
3117 3937 3272 4004 Iam
3296 3953 3457 4000 vero
3492 3938 3555 4000 ei

881 4028 1070 4089 recta
1115 4031 1220 4089 est
1266 4025 1580 4093 Koehleri
1625 4028 1981 4108 sententia,
2034 4029 2150 4112 qui
2196 4028 2541 4093 decretum
2586 4026 2754 4091 illud
2801 4026 2887 4090 ad
2934 4026 3150 4109 ipsam
3194 4021 3549 4090 Salami-

879 4112 1006 4175 nis
1053 4115 1787 4194 comparationem
1847 4116 2183 4197 pertinere
2238 4118 2485 4189 censet,
2532 4111 2669 4195 pila
2713 4113 2911 4195 Sigea
2956 4112 3098 4175 fere
3141 4110 3225 4175 ad
3272 4108 3363 4173 v1
3406 4126 3553 4172 sae·

881 4198 1016 4264 culi
1060 4200 1428 4279 primordia
1469 4202 1537 4265 h.
1591 4219 1651 4266 e.
1700 4200 1784 4267 ad
1854 4202 2147 4283 priorem
2210 4198 2400 4266 illam
2448 4200 2963 4265 Atheniensium
3022 4196 3555 4261 dominationem

880 4285 1260 4350 revocanda
1305 4291 1431 4351 est.
1525 4286 1765 4372 Neque
1807 4288 1987 4352 enim
2038 4286 2237 4352 hodie
2281 4288 2659 4371 quisquam,
2712 4287 2871 4369 quin
2920 4290 3207 4367 utraque
3250 4282 3425 4365 pilae
3456 4282 3552 4345 iu·

881 4372 1154 4454 scriptio
1199 4373 1443 4438 eodem
1492 4378 1793 4457 tempore
1836 4374 2049 4439 incisa
2116 4375 2226 4454 sit,
2290 4374 2649 4440 dubitabit.
2746 4370 3157 4435 Koehleri
3226 4368 3312 4432 de
3380 4366 3556 4450 pilae

878 4464 1105 4523 aetate
1141 4462 1548 4525 sententiam
1573 4480 1904 4525 consensu
1935 4478 2059 4525 suo
2092 4461 2555 4543 comprobavit
2581 4458 2785 4523 etiam
2806 4458 2931 4521 Wi
2952 4458 2970 4520 l
2992 4457 3285 4521 amowi
3308 4456 3549 4535 taius,

879 4546 992 4629 qui
1024 4563 1065 4608 a
1099 4546 1274 4609 euris
1323 4546 1976 4613 Loeschckianis
2023 4546 2271 4627 (Mittb.
2308 4546 2399 4611 IV
2441 4566 2506 4629 p.
2534 4545 2661 4611 297
2692 4547 2831 4628 sq.)
2886 4544 3247 4627 profectus,
3284 4539 3551 4625 elegan-

880 4633 1136 4697 tissime
1201 4632 1411 4715 ipsius
1474 4634 1926 4717 inscriptionis
1989 4652 2265 4698 sensum
2330 4652 2544 4717 nuper
2598 4631 2943 4715 expedivit
3006 4632 3073 4693 in
3145 4628 3547 4694 lectionibus

881 4718 1354 4802 epigraphicie.
1448 4719 1807 4809 Gottingae
1849 4718 2042 4783 1885.
2088 4738 2154 4802 p.
2184 4719 2218 4782 1
2267 4737 2371 4802 eq.
