4057 5790
1625 671 1716 680 -.-
1836 628 1981 700 81-
2050 671 2147 680 -.-

697 835 1160 927 Quapropter
1187 829 1662 927 Herodotum,
1725 851 1876 906 cum
1927 833 2101 907 haec
2156 832 2489 924 referret,
2537 837 2951 924 portentose
2981 855 3172 908 erra·

491 975 704 1066 visse,
759 992 902 1047 non
954 972 1364 1068 defuerunt,
1421 975 1542 1065 qui
1597 973 2133 1048 contenderent.
2249 974 2479 1062 Atque
2524 977 2606 1045 ut
2654 973 2801 1044 iam
2837 973 2927 1066 is,
2964 993 3167 1062 quem

491 1113 786 1202 quisque
841 1131 972 1205 pro
1027 1113 1425 1187 rectissimo
1474 1113 1801 1207 haberet,
1849 1117 2247 1203 temporum
2286 1111 2461 1184 ordo
2498 1110 3024 1204 restitueretur,
3081 1112 3169 1186 ab

490 1249 650 1323 aliis
710 1251 852 1322 alia
903 1223 1252 1325 adhibita
1283 1215 1410 1326 est·
1435 1251 1736 1325 medela.
1841 1250 2162 1344 Quorum
2210 1249 2649 1340 singulorum
2702 1269 2830 1324 nec
2858 1249 3171 1346 ,nomina

489 1408 620 1464 nec
700 1388 1162 1462 medicamina
1235 1390 1650 1481 singillatim
1731 1388 1842 1463 hic
1897 1389 2305 1462 enumerari
2352 1407 2529 1482 opus
2576 1393 2711 1461 est.
2820 1387 3171 1463 Graviora

487 1537 753 1619 tamen,
811 1548 990 1619 quae
1044 1529 1183 1601 huc
1227 1528 1518 1620 faciunt,
1581 1518 2057 1632 spectanda.¹)

693 1663 1180 1740 Pertractavit
1233 1668 1518 1762 copiose
1556 1673 1779 1741 totam
1813 1667 1995 1742 hanc
2034 1642 2522 1756 quaestionem
2562 1665 2833 1759 primus
2874 1663 3168 1741 Schoe-

487 1804 683 1876 nius
763 1801 839 1876 in
917 1801 1159 1897 Symb.
1218 1803 1480 1895 philol.
1547 1803 1774 1882 Bonn.
1859 1826 1931 1897 p.
1989 1801 2419 1880 ’ne—759.
2554 1803 2817 1896 Quem‘
2862 1823 3015 1878 cum
3095 1806 3170 1878 in

486 1941 732 2014 multis
825 1942 1216 2015 rectissime
1306 1940 1778 2016 confutaverit
1871 1941 2283 2015 Rohdius
2402 1941 2537 2041 (M.
2630 1942 2770 2017 Rh.
2858 1941 3169 2018 XXXIII

485 2101 554 2172 p.
588 2077 1028 2178 215-217)
1081 2085 1325 2156 tamen
1384 2076 1722 2156 Schoenii
1778 2099 2061 2153 errores
2110 2080 2334 2170 magis
2386 2079 2559 2152 mihi
2613 2081 2897 2154 videtur
2942 2083 3171 2173 exagi-
3274 2043 3287 2062 .

485 2221 701 2310 tasse,
753 2239 962 2308 quam
1030 2239 1276 2292 omnes
1332 2219 1548 2310 plane
1600 2217 2005 2296 extinxisse.
2144 2215 2539 2293 Schoenius
2620 2222 2701 2291 ut
2771 2239 2859 2294 ex
2908 2217 3172 2294 Suidae

483 2356 891 2429 testimonio
949 2351 1038 2452 (s.
1092 2379 1156 2429 v.
1210 2353 1509 2454 Σαπφώ)
1564 2362 1638 2430 et
1707 2353 2161 2449 Sapphonem
2217 2361 2291 2429 et
2349 2353 2695 2432 Alcaeum
2752 2357 2845 2430 ol.
2899 2355 3001 2431 42
3056 2357 3173 2430 de·

335 2489 342 2498 '
483 2515 670 2567 mum
725 2500 931 2567 natos
998 2516 1155 2568 esse
1209 2495 1590 2588 concludit,
1645 2497 1750 2568 ita
1804 2495 2309 2569 conclamatam
2374 2493 2569 2567 illam
2639 2496 2882 2568 Alcaei
2934 2494 3169 2586 fugam

482 2638 557 2706 et
613 2631 998 2706 Periandri
1063 2633 1151 2706 de
1215 2631 1430 2726 Sigeo
1485 2633 1861 2708 arbitrium
1911 2635 1986 2708 in
2051 2634 2123 2707 id
2171 2634 2439 2708 bellum
2498 2631 2761 2727 differt,
2816 2635 3006 2725 quod
3056 2633 3175 2707 Pi-

479 2771 845 2844 sistratum
901 2793 1054 2847 cum
1106 2771 1570 2867 Mytilenaeis
1639 2774 1950 2865 gessisse
2055 2773 2259 2846 testis
2314 2778 2425 2847 est
2478 2771 2916 2847 Herodotus
3024 2769 3167 2846 Sed

480 2930 636 2982 eum
687 2910 820 2984 hoc
870 2912 1338 2987 conicientcm
1393 2914 1816 3005 gravissima
1853 2887 2280 2987 'Sosicratis
2350 2908 2600 3009 (Diog.
2658 2910 2745 2985 L.
2803 2915 2833 2983 I
2912 2912 2951 3008 ξ
3008 2913 3167 3005 95.)

481 3046 857 3123 Strabonis
936 3046 1134 3147 (xm
1214 3074 1283 3143 p.
1334 3050 1510 3150 61¹7)
1594 3049 1858 3127 Suidae
1933 3052 2021 3147 (s.
2084 3074 2148 3124 v.
2220 3046 2535 3147 Σαπφώ)
2598 3049 2687 3123 de
2765 3049 3169 3140 Periandri,

481 3184 912 3281 SapphoniS,
994 3188 1272 3281 Alcaei,
1345 3188 1608 3262 Pittaci
1695 3194 1928 3262 aetate
2007 3188 2417 3262 testimonia
2494 3188 2921 3281 neglexisse,
2997 3187 3170 3261 satis

482 3324 964 3420 comprobavit
1039 3324 1364 3400 Rohdius
1417 3327 1466 3399 l.
1525 3327 1569 3398 l.
1625 3346 1696 3417 p.
1753 3326 1926 3413 217,
2007 3326 2130 3417 qui
2211 3325 2500 3399 verbum
2562 3330 2871 3419 γεγονυῖα
2922 3326 2997 3398 in
3043 3327 3175 3401 hoc

679 3616 740 3697 1)
787 3615 1130 3679 Grotius
1183 3617 1380 3698 (Hist.
1418 3616 1536 3681 Gr.
1576 3617 1670 3701 11,
1723 3639 1788 3702 p.
1825 3619 1951 3685 156
1994 3614 2255 3700 Meiss.)
2298 3636 2449 3681 eum
2498 3619 2698 3682 etiam
2747 3619 2877 3699 hie,
2905 3619 3168 3683 sicutin

481 3701 660 3767 bello
708 3702 1078 3767 Salaminio
1115 3703 1218 3787 (p.
1277 3704 1426 3785 120)
1472 3704 1966 3788 discrepantias
2013 3706 2109 3767 ita
2151 3722 2591 3787 compensare
2632 3709 3027 3780 conaretur,
3102 3711 3172 3769 ut

481 3789 658 3873 apud
707 3790 1121 3854 Herodotum
1169 3790 1458 3873 spatium
1525 3792 1981 3873 quadraginta
2048 3808 2377 3854 annorum
2440 3788 2819 3869 (600-560
2861 3810 2923 3853 a.
2970 3789 3169 3870 Chr.)

431 3874 450 3889 “
482 3880 548 3939 in
599 3896 804 3940 unum
854 3875 1185 3940 coaluisse
1232 3880 1526 3940 sumeret·
1573 3910 1648 3921 --
1707 3878 1964 3941 invenit
2012 3874 2129 3940 ille
2178 3876 2702 3959 subscriptorem
2758 3876 3169 3942 Stettine-

481 3982 681 4045 rum,
759 3962 860 4026 Ad
907 3962 1168 4026 Solonis
1215 3971 1348 4027 aet.
1387 3969 1646 4045 quaeat.
1699 3964 1842 4027 crit.
1895 3962 2157 4046 Regim.
2209 3960 2375 4025 1885
2420 3983 2486 4046 p.
2524 3963 2611 4026 47
2648 3996 2713 4009 —-
2752 3976 2921 4026 rem*
2951 3963 3165 4046 ipsam

488 4068 724 4131 parum
770 4055 956 4112 recte
1001 4048 1162 4111 mibi
1213 4052 1636 4133 perspexisse
1683 4052 1968 4114 videtur.
2060 4047 2354 4114 Omnino
2388 4049 2659 4113 Grotius
2705 4068 3173 4133 quaecumque

485 4138 550 4221 in
607 4138 734 4199 hoe
780 4134 960 4199 bello
1004 4137 1324 4218 ancipitia
1393 4141 1550 4199 sunt
1595 4154 1674 4200 ac
1744 4137 1950 4200 dubia
2017 4136 2133 4199 vix
2201 4135 2419 4216 attigit
2466 4134 2599 4218 vel,
2670 4137 2727 4200 si
2786 4136 3171 4219 quandoid

488 4222 682 4302 fecit,
734 4221 1290 4305 disceptationem
1340 4222 1406 4284 in
1457 4222 1679 4286 medio
1735 4222 2023 4305 reliquit.
2114 4222 2435 4285 Similiter
2482 4218 2828 4285 Curtius
2875 4224 3025 4302 (Gr.
3080 4222 3164 4285 G.

481 4306 511 4371 1
559 4303 586 4344 ⁵
649 4328 714 4389 p.
770 4308 916 4371 119.
969 4308 1120 4371 349.
1173 4308 1358 4391 351.)
1443 4307 1808 4373 admodum
1877 4309 2153 4372 strictim
2227 4308 2311 4372 de
2372 4309 2473 4371 his
2523 4308 2725 4373 rebus
2769 4310 2905 4392 egit
2950 4324 3170 4392 neque

484 4395 732 4470 omnia,
789 4412 966 4476 quae
1015 4394 1145 4459 hue
1194 4396 1564 4477 pertinent,
1629 4400 1932 4459 veterum
1981 4395 2377 4477 scriptorum
2428 4396 2805 4459 testimonia
2851 4398 3165 4479 respexit.

485 4480 1008 4544 Dunckerum
1062 4482 1330 4563 quidem
1367 4480 1481 4560 (G.
1507 4480 1674 4550 d.A.
1706 4477 1854 4545 v1⁶
1891 4502 1954 4564 p.
1987 4480 2247 4543 52.134
2276 4498 2380 4564 sq.
2410 4480 2531 4543 274
2560 4500 2658 4563 sq.
2692 4482 2819 4543 566
2845 4484 2983 4565 sq.)
3008 4483 3163 4544 etin

483 4569 871 4630 narratione
917 4566 1122 4649 longe
1169 4567 1538 4649 pleniorem
1590 4575 1654 4630 et
1685 4570 1751 4631 in
1789 4567 2187 4631 testimoniis
2216 4568 2655 4631 aestimandis
2686 4564 2920 4632 Curtio
2957 4567 3167 4633 multo

487 4655 978 4717 accuratiorem
1029 4656 1232 4717 fuisse
1277 4654 1400 4717 etsi
1449 4654 1677 4736 negari
1727 4656 1977 4737 nequit,
2021 4654 2089 4716 in
2123 4653 2406 4735 singulis
2442 4659 2663 4718 tamen
2699 4654 2803 4718 vel
2834 4652 2951 4718 ille
2986 4654 3163 4717 haud

488 4756 642 4803 raro
688 4740 848 4802 mihi
895 4758 938 4803 a
983 4758 1142 4803 vero
1210 4740 1564 4804 aberrasse
1610 4740 1898 4804 videtur.
1992 4740 2137 4804 Nec
2198 4742 2413 4821 magis
2481 4740 2979 4819 Bononiam,
3052 4746 3166 4824 qul

494 4842 842 4907 supremus
888 4844 1028 4890 rem
1077 4826 1292 4907 tetigit
1347 4822 1489 4909 (Gr.
1543 4824 1625 4890 G.
1676 4825 1704 4888 I
1749 4846 1814 4909 p.
1867 4824 2045 4909 514),
2118 4826 2185 4889 id
2257 4826 2431 4911 quod
2478 4828 2546 4891 in
2604 4828 2731 4891 hac
2776 4827 3169 4911 quaestione

489 4912 706 4991 agitur
749 4920 930 4977 recte
977 4914 1400 4995 perspexisse
1446 4916 1625 4994 puto.
1742 4912 2121 4976 Holmius
2169 4912 2319 4993 (Gr.
2374 4910 2451 4977 G.
2504 4914 2529 4977 1
2578 4932 2644 4997 p.
2711 4914 2834 4977 464
2886 4911 3022 4999 aq.)
3076 4913 3162 4979 ad

494 4996 957 5061 diiudicandae
1005 5001 1122 5062 has
1170 5016 1278 5062 res
1326 5000 1602 5063 omnino
1647 4996 1902 5061 nullam
1955 4998 2180 5062 attulit
2220 4998 2479 5083 stipem.
