<?xml version="1.0" encoding="UTF-8"?>
<!DOCTYPE html PUBLIC "-//W3C//DTD XHTML 1.0 Transitional//EN"
    "http://www.w3.org/TR/xhtml1/DTD/xhtml1-transitional.dtd">
<html xmlns="http://www.w3.org/1999/xhtml" xml:lang="en" lang="en">
 <head>
  <title>
</title>
<meta http-equiv="Content-Type" content="text/html;charset=utf-8" />
  <meta name='ocr-system' content='tesseract 3.04.00' />
  <meta name='ocr-capabilities' content='ocr_page ocr_carea ocr_par ocr_line ocrx_word'/>
</head>
<body>
  <div class='ocr_page' id='page_1' title='image "./quaestionespisi00toepgoog_0055.png"; bbox 0 0 4057 5790; ppageno 0'>
   <div class='ocr_carea' id='block_1_1' title="bbox 1558 551 2073 620">
    <p class='ocr_par' dir='ltr' id='par_1_1' title="bbox 1558 551 2073 620">
     <span class='ocr_line' id='line_1_1' title="bbox 1558 551 2073 620; baseline -0.021 1"><span class='ocrx_word' id='word_1_1' title='bbox 1558 551 2073 620; x_wconf 84' lang='lat'><strong>-43....</strong></span> 
     </span>
    </p>
   </div>
   <div class='ocr_carea' id='block_1_2' title="bbox 470 793 3169 4068">
    <p class='ocr_par' dir='ltr' id='par_1_2' title="bbox 470 793 3169 4068">
     <span class='ocr_line' id='line_1_2' title="bbox 480 793 3157 888; baseline -0.001 -20"><span class='ocrx_word' id='word_1_2' title='bbox 480 795 970 888; x_wconf 74' lang='lat' dir='ltr'><strong>lustravimuS,</strong></span> <span class='ocrx_word' id='word_1_3' title='bbox 1017 793 1256 868; x_wconf 90' lang='lat' dir='ltr'><strong>oculos</strong></span> <span class='ocrx_word' id='word_1_4' title='bbox 1311 801 1804 870; x_wconf 78' lang='lat' dir='ltr'><strong>convertamus</strong></span> <span class='ocrx_word' id='word_1_5' title='bbox 1857 796 1948 871; x_wconf 89' lang='lat' dir='ltr'><strong>ad</strong></span> <span class='ocrx_word' id='word_1_6' title='bbox 1999 795 2232 871; x_wconf 90' lang='lat' dir='ltr'><strong>locum</strong></span> <span class='ocrx_word' id='word_1_7' title='bbox 2291 793 2811 886; x_wconf 80' lang='lat' dir='ltr'><strong>difficillimum,</strong></span> <span class='ocrx_word' id='word_1_8' title='bbox 2878 813 3015 882; x_wconf 92' lang='lat' dir='ltr'><strong>quo</strong></span> <span class='ocrx_word' id='word_1_9' title='bbox 3079 793 3157 886; x_wconf 81' lang='lat' dir='ltr'><strong>ii,</strong></span> 
     </span>
     <span class='ocr_line' id='line_1_3' title="bbox 485 919 3159 1028; baseline 0.001 -22"><span class='ocrx_word' id='word_1_10' title='bbox 485 937 608 1024; x_wconf 90' lang='lat' dir='ltr'><strong>qni</strong></span> <span class='ocrx_word' id='word_1_11' title='bbox 660 919 822 1006; x_wconf 76' lang='lat' dir='ltr'><strong>bis&#39;</strong></span> <span class='ocrx_word' id='word_1_12' title='bbox 873 931 1238 1007; x_wconf 88' lang='lat' dir='ltr'><strong>Salamina</strong></span> <span class='ocrx_word' id='word_1_13' title='bbox 1291 938 1764 1026; x_wconf 80' lang='lat' dir='ltr'><strong>expugnatam</strong></span> <span class='ocrx_word' id='word_1_14' title='bbox 1821 955 1980 1008; x_wconf 88' lang='lat' dir='ltr'><strong>esse</strong></span> <span class='ocrx_word' id='word_1_15' title='bbox 2018 937 2320 1028; x_wconf 80' lang='lat' dir='ltr'><strong>ponunt,</strong></span> <span class='ocrx_word' id='word_1_16' title='bbox 2396 931 2743 1022; x_wconf 85' lang='lat' dir='ltr'>imprimis</span> <span class='ocrx_word' id='word_1_17' title='bbox 2806 931 3159 1008; x_wconf 89' lang='lat' dir='ltr'><strong>nituntur.</strong></span> 
     </span>
     <span class='ocr_line' id='line_1_4' title="bbox 481 1067 3159 1166; baseline -0 -23"><span class='ocrx_word' id='word_1_18' title='bbox 481 1069 1033 1148; x_wconf 82' lang='lat' dir='ltr'><strong>Plutarchus</strong></span> <span class='ocrx_word' id='word_1_19' title='bbox 1089 1069 1276 1162; x_wconf 85' lang='lat' dir='ltr'><strong>(Sol.</strong></span> <span class='ocrx_word' id='word_1_20' title='bbox 1319 1071 1454 1165; x_wconf 82' lang='lat'><strong>12)</strong></span> <span class='ocrx_word' id='word_1_21' title='bbox 1507 1077 1877 1166; x_wconf 87' lang='lat' dir='ltr'><strong>postquam</strong></span> <span class='ocrx_word' id='word_1_22' title='bbox 1956 1071 2225 1144; x_wconf 89' lang='lat' dir='ltr'><strong>bellum</strong></span> <span class='ocrx_word' id='word_1_23' title='bbox 2299 1068 2767 1145; x_wconf 87' lang='lat' dir='ltr'><strong>Salaminium</strong></span> <span class='ocrx_word' id='word_1_24' title='bbox 2810 1067 3159 1144; x_wconf 87' lang='lat' dir='ltr'><strong>Lacedae-</strong></span> 
     </span>
     <span class='ocr_line' id='line_1_5' title="bbox 481 1201 3159 1300; baseline 0 -21"><span class='ocrx_word' id='word_1_25' title='bbox 481 1201 879 1282; x_wconf 74' lang='lat' dir='ltr'><strong>moniorum</strong></span> <span class='ocrx_word' id='word_1_26' title='bbox 961 1207 1258 1281; x_wconf 88' lang='lat' dir='ltr'><strong>arbitrio</strong></span> <span class='ocrx_word' id='word_1_27' title='bbox 1340 1209 1802 1300; x_wconf 90' lang='lat' dir='ltr'><strong>compositum</strong></span> <span class='ocrx_word' id='word_1_28' title='bbox 1885 1230 2043 1283; x_wconf 89' lang='lat' dir='ltr'><strong>esse</strong></span> <span class='ocrx_word' id='word_1_29' title='bbox 2128 1209 2489 1300; x_wconf 79' lang='lat' dir='ltr'><strong>narravit,</strong></span> <span class='ocrx_word' id='word_1_30' title='bbox 2600 1207 3159 1280; x_wconf 84' lang='lat' dir='ltr'><strong>Atheniensibus</strong></span> 
     </span>
     <span class='ocr_line' id='line_1_6' title="bbox 479 1343 3155 1441; baseline 0 -23"><span class='ocrx_word' id='word_1_31' title='bbox 479 1347 674 1420; x_wconf 88' lang='lat' dir='ltr'><strong>inter</strong></span> <span class='ocrx_word' id='word_1_32' title='bbox 709 1343 1048 1440; x_wconf 82' lang='lat' dir='ltr'><strong>Cylonias</strong></span> <span class='ocrx_word' id='word_1_33' title='bbox 1106 1346 1682 1441; x_wconf 82' lang='lat' dir='ltr'><strong>perturbationes</strong></span> <span class='ocrx_word' id='word_1_34' title='bbox 1721 1345 2084 1422; x_wconf 83' lang='lat' dir='ltr'><strong>Salamina</strong></span> <span class='ocrx_word' id='word_1_35' title='bbox 2139 1355 2213 1421; x_wconf 91' lang='lat' dir='ltr'><strong>et</strong></span> <span class='ocrx_word' id='word_1_36' title='bbox 2267 1345 2605 1420; x_wconf 88' lang='lat' dir='ltr'><strong>Nisaeam</strong></span> <span class='ocrx_word' id='word_1_37' title='bbox 2660 1352 2943 1437; x_wconf 91' lang='lat' dir='ltr'><strong>ereptas</strong></span> <span class='ocrx_word' id='word_1_38' title='bbox 2998 1367 3155 1418; x_wconf 86' lang='lat' dir='ltr'><strong>esse</strong></span> 
     </span>
     <span class='ocr_line' id='line_1_7' title="bbox 479 1477 3153 1582; baseline -0.002 -26"><span class='ocrx_word' id='word_1_39' title='bbox 479 1483 736 1558; x_wconf 83' lang='lat' dir='ltr'><strong>refert:</strong></span> <span class='ocrx_word' id='word_1_40' title='bbox 794 1479 1086 1560; x_wconf 82' lang='grc' dir='ltr'>Ταύταις</span> <span class='ocrx_word' id='word_1_41' title='bbox 1140 1482 1215 1554; x_wconf 84' lang='grc' dir='ltr'><strong>δὲ</strong></span> <span class='ocrx_word' id='word_1_42' title='bbox 1267 1489 1411 1560; x_wconf 82' lang='grc' dir='ltr'>ταῖς</span> <span class='ocrx_word' id='word_1_43' title='bbox 1456 1489 1793 1582; x_wconf 80' lang='grc' dir='ltr'>ταραχαῖς</span> <span class='ocrx_word' id='word_1_44' title='bbox 1844 1483 1953 1554; x_wconf 82' lang='grc' dir='ltr'>καὶ</span> <span class='ocrx_word' id='word_1_45' title='bbox 2005 1477 2383 1582; x_wconf 71' lang='grc' dir='ltr'>Μεγαρέων</span> <span class='ocrx_word' id='word_1_46' title='bbox 2434 1481 2963 1579; x_wconf 79' lang='grc' dir='ltr'>συνεπιθεμένων</span> <span class='ocrx_word' id='word_1_47' title='bbox 3018 1481 3153 1552; x_wconf 85' lang='grc' dir='ltr'><strong>ἀπ-</strong></span> 
     </span>
     <span class='ocr_line' id='line_1_8' title="bbox 479 1597 3148 1723; baseline 0 -31"><span class='ocrx_word' id='word_1_48' title='bbox 479 1597 722 1723; x_wconf 60' lang='grc' dir='ltr'>έβαλόν</span> <span class='ocrx_word' id='word_1_49' title='bbox 771 1646 846 1692; x_wconf 85' lang='grc' dir='ltr'><strong>τε</strong></span> <span class='ocrx_word' id='word_1_50' title='bbox 899 1617 1270 1714; x_wconf 79' lang='grc' dir='ltr'>Νίσαιαν</span> <span class='ocrx_word' id='word_1_51' title='bbox 1325 1624 1384 1694; x_wconf 85' lang='grc' dir='ltr'><strong>οἱ</strong></span> <span class='ocrx_word' id='word_1_52' title='bbox 1426 1617 1786 1720; x_wconf 79' lang='grc' dir='ltr'>Ἀθηναῖοι</span> <span class='ocrx_word' id='word_1_53' title='bbox 1860 1621 1970 1693; x_wconf 85' lang='grc' dir='ltr'>καὶ</span> <span class='ocrx_word' id='word_1_54' title='bbox 2034 1619 2499 1716; x_wconf 80' lang='grc' dir='ltr'>Σαλαμῖνος</span> <span class='ocrx_word' id='word_1_55' title='bbox 2561 1621 2874 1701; x_wconf 78' lang='grc' dir='ltr'>ἐξέπεσον</span> <span class='ocrx_word' id='word_1_56' title='bbox 2934 1615 3148 1697; x_wconf 78' lang='grc' dir='ltr'>αὖθις.</span> 
     </span>
     <span class='ocr_line' id='line_1_9' title="bbox 483 1758 3153 1855; baseline -0.001 -23"><span class='ocrx_word' id='word_1_57' title='bbox 483 1758 689 1852; x_wconf 81' lang='lat' dir='ltr'><strong>Quod</strong></span> <span class='ocrx_word' id='word_1_58' title='bbox 744 1761 1258 1848; x_wconf 79' lang='lat' dir='ltr'><strong>testimonium,</strong></span> <span class='ocrx_word' id='word_1_59' title='bbox 1314 1779 1468 1835; x_wconf 87' lang='lat' dir='ltr'><strong>cum</strong></span> <span class='ocrx_word' id='word_1_60' title='bbox 1526 1761 1723 1834; x_wconf 91' lang='lat' dir='ltr'><strong>nulla</strong></span> <span class='ocrx_word' id='word_1_61' title='bbox 1772 1783 1850 1834; x_wconf 89' lang='lat' dir='ltr'><strong>re</strong></span> <span class='ocrx_word' id='word_1_62' title='bbox 1897 1766 2327 1855; x_wconf 79' lang='lat' dir='ltr'><strong>contextum,</strong></span> <span class='ocrx_word' id='word_1_63' title='bbox 2392 1761 2659 1854; x_wconf 85' lang='lat' dir='ltr'><strong>pendet</strong></span> <span class='ocrx_word' id='word_1_64' title='bbox 2721 1761 2855 1834; x_wconf 90' lang='lat' dir='ltr'><strong>sub</strong></span> <span class='ocrx_word' id='word_1_65' title='bbox 2916 1760 3153 1833; x_wconf 90' lang='lat' dir='ltr'><strong>limen.</strong></span> 
     </span>
     <span class='ocr_line' id='line_1_10' title="bbox 481 1885 3148 2004; baseline 0.001 -34"><span class='ocrx_word' id='word_1_66' title='bbox 481 1895 734 1988; x_wconf 87' lang='lat' dir='ltr'><strong>Neque</strong></span> <span class='ocrx_word' id='word_1_67' title='bbox 817 1899 1006 1971; x_wconf 92' lang='lat' dir='ltr'><strong>enim</strong></span> <span class='ocrx_word' id='word_1_68' title='bbox 1081 1899 1157 2004; x_wconf 73' lang='lat' dir='ltr'><strong>in</strong></span> <span class='ocrx_word' id='word_1_69' title='bbox 1193 1898 1802 1992; x_wconf 77' lang='lat' dir='ltr'><strong>praecedentibus</strong></span> <span class='ocrx_word' id='word_1_70' title='bbox 1863 1898 2014 1972; x_wconf 92' lang='lat' dir='ltr'><strong>ulla</strong></span> <span class='ocrx_word' id='word_1_71' title='bbox 2067 1897 2223 1973; x_wconf 85' lang='lat' dir='ltr'><strong>Nis</strong></span> <span class='ocrx_word' id='word_1_72' title='bbox 2242 1921 2442 1974; x_wconf 88' lang='lat' dir='ltr'><strong>aeae</strong></span> <span class='ocrx_word' id='word_1_73' title='bbox 2490 1885 2919 1994; x_wconf 77' lang='lat' dir='ltr'><strong>expugnatio</strong></span> <span class='ocrx_word' id='word_1_74' title='bbox 2974 1919 3148 1974; x_wconf 88' lang='lat' dir='ltr'><strong>com·</strong></span> 
     </span>
     <span class='ocr_line' id='line_1_11' title="bbox 479 2035 3155 2129; baseline 0.001 -21"><span class='ocrx_word' id='word_1_75' title='bbox 479 2039 870 2108; x_wconf 88' lang='lat' dir='ltr'><strong>memorata</strong></span> <span class='ocrx_word' id='word_1_76' title='bbox 916 2039 1051 2128; x_wconf 79' lang='lat' dir='ltr'><strong>ost,</strong></span> <span class='ocrx_word' id='word_1_77' title='bbox 1107 2053 1236 2110; x_wconf 88' lang='lat' dir='ltr'><strong>nec</strong></span> <span class='ocrx_word' id='word_1_78' title='bbox 1289 2035 1670 2127; x_wconf 89' lang='lat' dir='ltr'><strong>quidquam</strong></span> <span class='ocrx_word' id='word_1_79' title='bbox 1725 2036 1798 2108; x_wconf 90' lang='lat' dir='ltr'><strong>in</strong></span> <span class='ocrx_word' id='word_1_80' title='bbox 1850 2038 2313 2129; x_wconf 88' lang='lat' dir='ltr'><strong>sequentibus</strong></span> <span class='ocrx_word' id='word_1_81' title='bbox 2367 2038 2455 2113; x_wconf 91' lang='lat' dir='ltr'><strong>de</strong></span> <span class='ocrx_word' id='word_1_82' title='bbox 2508 2035 2993 2112; x_wconf 87' lang='lat' dir='ltr'><strong>Salaminis</strong></span> <span class='ocrx_word' id='word_1_83' title='bbox 3047 2058 3155 2110; x_wconf 86' lang='lat' dir='ltr'><strong>re-</strong></span> 
     </span>
     <span class='ocr_line' id='line_1_12' title="bbox 484 2172 3155 2266; baseline 0 -16"><span class='ocrx_word' id='word_1_84' title='bbox 484 2172 940 2266; x_wconf 86' lang='lat' dir='ltr'><strong>cuperatione</strong></span> <span class='ocrx_word' id='word_1_85' title='bbox 977 2179 1231 2249; x_wconf 83' lang='lat' dir='ltr'><strong>exstat.</strong></span> <span class='ocrx_word' id='word_1_86' title='bbox 1340 2173 1741 2266; x_wconf 89' lang='lat' dir='ltr'><strong>Utrumque</strong></span> <span class='ocrx_word' id='word_1_87' title='bbox 1796 2182 2033 2250; x_wconf 88' lang='lat' dir='ltr'><strong>autem</strong></span> <span class='ocrx_word' id='word_1_88' title='bbox 2077 2175 2335 2252; x_wconf 82' lang='lat' dir='ltr'><strong>factum</strong></span> <span class='ocrx_word' id='word_1_89' title='bbox 2371 2199 2529 2252; x_wconf 91' lang='lat' dir='ltr'><strong>esse</strong></span> <span class='ocrx_word' id='word_1_90' title='bbox 2560 2182 2862 2253; x_wconf 87' lang='lat' dir='ltr'><strong>constat.</strong></span> <span class='ocrx_word' id='word_1_91' title='bbox 2939 2174 3155 2250; x_wconf 88' lang='lat' dir='ltr'><strong>Prae·</strong></span> 
     </span>
     <span class='ocr_line' id='line_1_13' title="bbox 480 2313 3155 2409; baseline 0 -22"><span class='ocrx_word' id='word_1_92' title='bbox 480 2318 704 2406; x_wconf 80' lang='lat' dir='ltr'><strong>terea,</strong></span> <span class='ocrx_word' id='word_1_93' title='bbox 759 2313 822 2384; x_wconf 89' lang='lat' dir='ltr'><strong>si</strong></span> <span class='ocrx_word' id='word_1_94' title='bbox 878 2313 1232 2405; x_wconf 82' lang='lat' dir='ltr'><strong>proximos</strong></span> <span class='ocrx_word' id='word_1_95' title='bbox 1281 2313 1474 2389; x_wconf 87' lang='lat' dir='ltr'><strong>locos</strong></span> <span class='ocrx_word' id='word_1_96' title='bbox 1528 2315 2071 2409; x_wconf 79' lang='lat' dir='ltr'><strong>inspexerimuS,</strong></span> <span class='ocrx_word' id='word_1_97' title='bbox 2132 2313 2597 2392; x_wconf 86' lang='lat' dir='ltr'><strong>Plutarchum</strong></span> <span class='ocrx_word' id='word_1_98' title='bbox 2643 2315 2718 2389; x_wconf 91' lang='lat' dir='ltr'><strong>in</strong></span> <span class='ocrx_word' id='word_1_99' title='bbox 2776 2315 2887 2389; x_wconf 90' lang='lat' dir='ltr'><strong>his</strong></span> <span class='ocrx_word' id='word_1_100' title='bbox 2939 2315 3155 2390; x_wconf 85' lang='lat' dir='ltr'><strong>rebus</strong></span> 
     </span>
     <span class='ocr_line' id='line_1_14' title="bbox 488 2438 3169 2545; baseline 0.001 -22"><span class='ocrx_word' id='word_1_101' title='bbox 488 2450 906 2524; x_wconf 85' lang='lat' dir='ltr'><strong>enarrandis</strong></span> <span class='ocrx_word' id='word_1_102' title='bbox 960 2472 1256 2543; x_wconf 90' lang='lat' dir='ltr'><strong>prorsus</strong></span> <span class='ocrx_word' id='word_1_103' title='bbox 1309 2452 1509 2524; x_wconf 88' lang='lat' dir='ltr'><strong>nulla</strong></span> <span class='ocrx_word' id='word_1_104' title='bbox 1562 2457 1963 2545; x_wconf 87' lang='lat' dir='ltr'><strong>temporum</strong></span> <span class='ocrx_word' id='word_1_105' title='bbox 1995 2454 2275 2528; x_wconf 86' lang='lat' dir='ltr'><strong>ratione</strong></span> <span class='ocrx_word' id='word_1_106' title='bbox 2324 2454 2571 2528; x_wconf 90' lang='lat' dir='ltr'><strong>habita</strong></span> <span class='ocrx_word' id='word_1_107' title='bbox 2606 2475 2723 2528; x_wconf 89' lang='lat' dir='ltr'><strong>ros</strong></span> <span class='ocrx_word' id='word_1_108' title='bbox 2762 2438 3169 2528; x_wconf 72' lang='lat' dir='ltr'><strong>diversissi-’</strong></span> 
     </span>
     <span class='ocr_line' id='line_1_15' title="bbox 476 2588 3151 2686; baseline 0.001 -24"><span class='ocrx_word' id='word_1_109' title='bbox 476 2609 624 2662; x_wconf 89' lang='lat' dir='ltr'><strong>mas</strong></span> <span class='ocrx_word' id='word_1_110' title='bbox 669 2589 862 2663; x_wconf 88' lang='lat' dir='ltr'><strong>inter</strong></span> <span class='ocrx_word' id='word_1_111' title='bbox 915 2610 992 2662; x_wconf 90' lang='lat' dir='ltr'><strong>se</strong></span> <span class='ocrx_word' id='word_1_112' title='bbox 1043 2588 1444 2664; x_wconf 87' lang='lat' dir='ltr'><strong>confudisse</strong></span> <span class='ocrx_word' id='word_1_113' title='bbox 1501 2597 1576 2665; x_wconf 91' lang='lat' dir='ltr'><strong>et</strong></span> <span class='ocrx_word' id='word_1_114' title='bbox 1627 2593 2121 2686; x_wconf 84' lang='lat' dir='ltr'><strong>permiscuisse</strong></span> <span class='ocrx_word' id='word_1_115' title='bbox 2188 2593 2579 2685; x_wconf 87' lang='lat' dir='ltr'><strong>adparebit.</strong></span> <span class='ocrx_word' id='word_1_116' title='bbox 2692 2590 2919 2664; x_wconf 91' lang='lat' dir='ltr'><strong>Velut</strong></span> <span class='ocrx_word' id='word_1_117' title='bbox 2970 2611 3151 2683; x_wconf 90' lang='lat' dir='ltr'><strong>quae</strong></span> 
     </span>
     <span class='ocr_line' id='line_1_16' title="bbox 477 2726 3149 2822; baseline 0.002 -22"><span class='ocrx_word' id='word_1_118' title='bbox 477 2727 938 2819; x_wconf 87' lang='lat' dir='ltr'><strong>subsequitur</strong></span> <span class='ocrx_word' id='word_1_119' title='bbox 997 2729 1084 2801; x_wconf 90' lang='lat' dir='ltr'><strong>de</strong></span> <span class='ocrx_word' id='word_1_120' title='bbox 1138 2726 1671 2822; x_wconf 80' lang='lat' dir='ltr'><strong>Epimenide</strong></span> <span class='ocrx_word' id='word_1_121' title='bbox 1721 2731 2039 2803; x_wconf 88' lang='lat' dir='ltr'><strong>narratio</strong></span> <span class='ocrx_word' id='word_1_122' title='bbox 2075 2751 2304 2821; x_wconf 90' lang='lat' dir='ltr'><strong>neque</strong></span> <span class='ocrx_word' id='word_1_123' title='bbox 2360 2749 2511 2803; x_wconf 90' lang='lat' dir='ltr'><strong>cum</strong></span> <span class='ocrx_word' id='word_1_124' title='bbox 2566 2730 3149 2806; x_wconf 87' lang='lat' dir='ltr'><strong>antecedentibus</strong></span> 
     </span>
     <span class='ocr_line' id='line_1_17' title="bbox 475 2867 3147 2961; baseline 0 -19"><span class='ocrx_word' id='word_1_125' title='bbox 475 2889 701 2960; x_wconf 88' lang='lat' dir='ltr'><strong>neque</strong></span> <span class='ocrx_word' id='word_1_126' title='bbox 757 2885 909 2942; x_wconf 88' lang='lat' dir='ltr'><strong>cum</strong></span> <span class='ocrx_word' id='word_1_127' title='bbox 963 2867 1506 2960; x_wconf 84' lang='lat' dir='ltr'><strong>insequentibus</strong></span> <span class='ocrx_word' id='word_1_128' title='bbox 1548 2867 1696 2942; x_wconf 91' lang='lat' dir='ltr'><strong>ullo</strong></span> <span class='ocrx_word' id='word_1_129' title='bbox 1752 2871 2267 2943; x_wconf 90' lang='lat' dir='ltr'><strong>sententiarum</strong></span> <span class='ocrx_word' id='word_1_130' title='bbox 2306 2869 2583 2945; x_wconf 77' lang='lat' dir='ltr'><strong>vinculo</strong></span> <span class='ocrx_word' id='word_1_131' title='bbox 2634 2869 2989 2961; x_wconf 88' lang='lat' dir='ltr'><strong>conligata</strong></span> <span class='ocrx_word' id='word_1_132' title='bbox 3014 2875 3147 2945; x_wconf 89' lang='lat' dir='ltr'><strong>est.</strong></span> 
     </span>
     <span class='ocr_line' id='line_1_18' title="bbox 479 3004 3149 3104; baseline 0.002 -26"><span class='ocrx_word' id='word_1_133' title='bbox 479 3004 668 3098; x_wconf 81' lang='lat' dir='ltr'><strong>Quid</strong></span> <span class='ocrx_word' id='word_1_134' title='bbox 703 3007 892 3098; x_wconf 91' lang='lat' dir='ltr'><strong>quod</strong></span> <span class='ocrx_word' id='word_1_135' title='bbox 929 3028 1016 3080; x_wconf 85' lang='lat' dir='ltr'><strong>ex</strong></span> <span class='ocrx_word' id='word_1_136' title='bbox 1049 3008 1228 3101; x_wconf 88' lang='lat' dir='ltr'><strong>ipsis</strong></span> <span class='ocrx_word' id='word_1_137' title='bbox 1257 3025 1411 3103; x_wconf 87' lang='lat' dir='ltr'><strong>cap.</strong></span> <span class='ocrx_word' id='word_1_138' title='bbox 1443 3008 1567 3079; x_wconf 85' lang='lat'><strong>13.</strong></span> <span class='ocrx_word' id='word_1_139' title='bbox 1606 3008 1844 3081; x_wconf 86' lang='lat' dir='ltr'><strong>verbis</strong></span> <span class='ocrx_word' id='word_1_140' title='bbox 1886 3009 2259 3104; x_wconf 86' lang='lat' dir='ltr'><strong>perspicue</strong></span> <span class='ocrx_word' id='word_1_141' title='bbox 2297 3008 2556 3103; x_wconf 87' lang='lat' dir='ltr'><strong>elucet,</strong></span> <span class='ocrx_word' id='word_1_142' title='bbox 2594 3030 2777 3103; x_wconf 84' lang='lat' dir='ltr'><strong>eum,</strong></span> <span class='ocrx_word' id='word_1_143' title='bbox 2818 3012 2943 3101; x_wconf 87' lang='lat' dir='ltr'><strong>qui</strong></span> <span class='ocrx_word' id='word_1_144' title='bbox 2975 3010 3149 3085; x_wconf 88' lang='lat' dir='ltr'><strong>haec</strong></span> 
     </span>
     <span class='ocr_line' id='line_1_19' title="bbox 470 3144 3151 3241; baseline 0.001 -23"><span class='ocrx_word' id='word_1_145' title='bbox 470 3144 869 3239; x_wconf 81' lang='lat' dir='ltr'><strong>scripserit,</strong></span> <span class='ocrx_word' id='word_1_146' title='bbox 899 3147 1360 3239; x_wconf 86' lang='lat' dir='ltr'><strong>praemissam</strong></span> <span class='ocrx_word' id='word_1_147' title='bbox 1388 3146 1478 3221; x_wconf 87' lang='lat' dir='ltr'><strong>de</strong></span> <span class='ocrx_word' id='word_1_148' title='bbox 1506 3144 1950 3241; x_wconf 87' lang='lat' dir='ltr'><strong>Epimenidis</strong></span> <span class='ocrx_word' id='word_1_149' title='bbox 1979 3147 2405 3221; x_wconf 87' lang='lat' dir='ltr'><strong>lustratione</strong></span> <span class='ocrx_word' id='word_1_150' title='bbox 2435 3149 2919 3223; x_wconf 87' lang='lat' dir='ltr'><strong>narrationem</strong></span> <span class='ocrx_word' id='word_1_151' title='bbox 2953 3169 3151 3241; x_wconf 91' lang='lat' dir='ltr'><strong>pror·</strong></span> 
     </span>
     <span class='ocr_line' id='line_1_20' title="bbox 475 3282 3147 3380; baseline 0.002 -24"><span class='ocrx_word' id='word_1_152' title='bbox 475 3304 595 3357; x_wconf 87' lang='lat' dir='ltr'><strong>sus</strong></span> <span class='ocrx_word' id='word_1_153' title='bbox 642 3284 1030 3376; x_wconf 88' lang='lat' dir='ltr'><strong>ignorasse.</strong></span> <span class='ocrx_word' id='word_1_154' title='bbox 1061 3282 1108 3377; x_wconf 86' lang='lat'><strong>¹)</strong></span> <span class='ocrx_word' id='word_1_155' title='bbox 1193 3284 1494 3360; x_wconf 84' lang='lat' dir='ltr'><strong>Movent</strong></span> <span class='ocrx_word' id='word_1_156' title='bbox 1526 3290 1910 3379; x_wconf 85' lang='lat' dir='ltr'><strong>praeterea</strong></span> <span class='ocrx_word' id='word_1_157' title='bbox 1945 3285 2141 3359; x_wconf 93' lang='lat' dir='ltr'><strong>haud</strong></span> <span class='ocrx_word' id='word_1_158' title='bbox 2176 3285 2403 3359; x_wconf 87' lang='lat' dir='ltr'><strong>levem</strong></span> <span class='ocrx_word' id='word_1_159' title='bbox 2443 3285 2913 3380; x_wconf 83' lang='lat' dir='ltr'><strong>suspicionem</strong></span> <span class='ocrx_word' id='word_1_160' title='bbox 2967 3288 3147 3377; x_wconf 87' lang='lat' dir='ltr'><strong>&#39;quae</strong></span> 
     </span>
     <span class='ocr_line' id='line_1_21' title="bbox 476 3420 3147 3519; baseline 0.002 -25"><span class='ocrx_word' id='word_1_161' title='bbox 476 3420 562 3495; x_wconf 91' lang='lat' dir='ltr'><strong>de</strong></span> <span class='ocrx_word' id='word_1_162' title='bbox 618 3423 1438 3497; x_wconf 88' lang='lat' dir='ltr'><strong>Alcmaeonidarum</strong></span> <span class='ocrx_word' id='word_1_163' title='bbox 1488 3423 1939 3498; x_wconf 89' lang='lat' dir='ltr'><strong>damnatione</strong></span> <span class='ocrx_word' id='word_1_164' title='bbox 1996 3424 2259 3519; x_wconf 88' lang='lat' dir='ltr'><strong>scripta</strong></span> <span class='ocrx_word' id='word_1_165' title='bbox 2296 3430 2485 3498; x_wconf 88' lang='lat' dir='ltr'><strong>sunt.</strong></span> <span class='ocrx_word' id='word_1_166' title='bbox 2550 3424 3147 3519; x_wconf 72' lang='lat' dir='ltr'><strong>Thucydides,</strong></span> 
     </span>
     <span class='ocr_line' id='line_1_22' title="bbox 477 3560 3153 3655; baseline 0.001 -23"><span class='ocrx_word' id='word_1_167' title='bbox 477 3560 598 3650; x_wconf 94' lang='lat' dir='ltr'><strong>qui</strong></span> <span class='ocrx_word' id='word_1_168' title='bbox 635 3562 1158 3635; x_wconf 88' lang='lat' dir='ltr'><strong>accuratissime</strong></span> <span class='ocrx_word' id='word_1_169' title='bbox 1185 3562 1316 3635; x_wconf 93' lang='lat' dir='ltr'><strong>has</strong></span> <span class='ocrx_word' id='word_1_170' title='bbox 1349 3584 1465 3635; x_wconf 90' lang='lat' dir='ltr'><strong>res</strong></span> <span class='ocrx_word' id='word_1_171' title='bbox 1494 3562 1886 3655; x_wconf 86' lang='lat' dir='ltr'><strong>enarravit,</strong></span> <span class='ocrx_word' id='word_1_172' title='bbox 1938 3562 2026 3635; x_wconf 88' lang='lat' dir='ltr'><strong>de</strong></span> <span class='ocrx_word' id='word_1_173' title='bbox 2058 3560 2321 3637; x_wconf 88' lang='lat' dir='ltr'><strong>Solone</strong></span> <span class='ocrx_word' id='word_1_174' title='bbox 2351 3564 2637 3636; x_wconf 89' lang='lat' dir='ltr'><strong>omnino</strong></span> <span class='ocrx_word' id='word_1_175' title='bbox 2664 3562 2931 3636; x_wconf 91' lang='lat' dir='ltr'><strong>nullam</strong></span> <span class='ocrx_word' id='word_1_176' title='bbox 2962 3584 3153 3636; x_wconf 86' lang='lat' dir='ltr'><strong>men·</strong></span> 
     </span>
     <span class='ocr_line' id='line_1_23' title="bbox 473 3694 3151 3796; baseline 0.001 -25"><span class='ocrx_word' id='word_1_177' title='bbox 473 3698 738 3771; x_wconf 87' lang='lat' dir='ltr'><strong>tionem</strong></span> <span class='ocrx_word' id='word_1_178' title='bbox 789 3699 1034 3774; x_wconf 87' lang='lat' dir='ltr'><strong>iniecit</strong></span> <span class='ocrx_word' id='word_1_179' title='bbox 1081 3694 1166 3796; x_wconf 79' lang='grc' dir='ltr'><strong>(Ι,</strong></span> <span class='ocrx_word' id='word_1_180' title='bbox 1225 3700 1432 3793; x_wconf 80' lang='lat'><strong>126).</strong></span> <span class='ocrx_word' id='word_1_181' title='bbox 1544 3697 1747 3772; x_wconf 88' lang='lat' dir='ltr'><strong>Iusto</strong></span> <span class='ocrx_word' id='word_1_182' title='bbox 1794 3699 1954 3771; x_wconf 87' lang='lat' dir='ltr'><strong>iure</strong></span> <span class='ocrx_word' id='word_1_183' title='bbox 2009 3720 2181 3791; x_wconf 88' lang='lat' dir='ltr'><strong>ergo</strong></span> <span class='ocrx_word' id='word_1_184' title='bbox 2236 3698 2601 3775; x_wconf 84' lang='lat' dir='ltr'><strong>Niesius</strong></span> <span class='ocrx_word' id='word_1_185' title='bbox 2638 3702 2687 3774; x_wconf 93' lang='lat' dir='ltr'><strong>l.</strong></span> <span class='ocrx_word' id='word_1_186' title='bbox 2718 3701 2764 3773; x_wconf 92' lang='lat' dir='ltr'><strong>l.</strong></span> <span class='ocrx_word' id='word_1_187' title='bbox 2797 3723 2866 3793; x_wconf 88' lang='lat' dir='ltr'><strong>p.</strong></span> <span class='ocrx_word' id='word_1_188' title='bbox 2897 3702 2993 3773; x_wconf 83' lang='lat'><strong>14</strong></span> <span class='ocrx_word' id='word_1_189' title='bbox 3033 3722 3151 3775; x_wconf 89' lang='lat' dir='ltr'><strong>res</strong></span> 
     </span>
     <span class='ocr_line' id='line_1_24' title="bbox 471 3836 3147 3931; baseline 0.001 -22"><span class='ocrx_word' id='word_1_190' title='bbox 471 3837 565 3909; x_wconf 92' lang='lat' dir='ltr'><strong>ad</strong></span> <span class='ocrx_word' id='word_1_191' title='bbox 610 3838 966 3930; x_wconf 88' lang='lat' dir='ltr'><strong>posterius</strong></span> <span class='ocrx_word' id='word_1_192' title='bbox 995 3836 1668 3912; x_wconf 85' lang='lat' dir='ltr'><strong>Alcmaeonidarum</strong></span> <span class='ocrx_word' id='word_1_193' title='bbox 1720 3838 2012 3911; x_wconf 83' lang='lat' dir='ltr'><strong>exilium</strong></span> <span class='ocrx_word' id='word_1_194' title='bbox 2073 3840 2521 3931; x_wconf 87' lang='lat' dir='ltr'><strong>pertinentes</strong></span> <span class='ocrx_word' id='word_1_195' title='bbox 2572 3860 2615 3911; x_wconf 91' lang='lat' dir='ltr'><strong>a</strong></span> <span class='ocrx_word' id='word_1_196' title='bbox 2644 3838 3030 3913; x_wconf 87' lang='lat' dir='ltr'><strong>Plutarcho</strong></span> <span class='ocrx_word' id='word_1_197' title='bbox 3074 3840 3147 3913; x_wconf 92' lang='lat' dir='ltr'><strong>in</strong></span> 
     </span>
     <span class='ocr_line' id='line_1_25' title="bbox 473 3974 3149 4068; baseline 0.002 -21"><span class='ocrx_word' id='word_1_198' title='bbox 473 3974 654 4049; x_wconf 86' lang='lat' dir='ltr'><strong>hanc</strong></span> <span class='ocrx_word' id='word_1_199' title='bbox 706 3978 1190 4050; x_wconf 88' lang='lat' dir='ltr'><strong>narrationem</strong></span> <span class='ocrx_word' id='word_1_200' title='bbox 1239 3977 1554 4050; x_wconf 89' lang='lat' dir='ltr'><strong>intrusas</strong></span> <span class='ocrx_word' id='word_1_201' title='bbox 1611 3998 1769 4051; x_wconf 87' lang='lat' dir='ltr'><strong>esse</strong></span> <span class='ocrx_word' id='word_1_202' title='bbox 1829 3974 2239 4068; x_wconf 81' lang='lat' dir='ltr'><strong>coniecit.²)</strong></span> <span class='ocrx_word' id='word_1_203' title='bbox 2344 3976 2492 4053; x_wconf 92' lang='lat' dir='ltr'><strong>Iam</strong></span> <span class='ocrx_word' id='word_1_204' title='bbox 2534 4000 2703 4065; x_wconf 81' lang='lat' dir='ltr'><strong>vero</strong></span> <span class='ocrx_word' id='word_1_205' title='bbox 2740 4000 2827 4053; x_wconf 87' lang='lat' dir='ltr'><strong>ex</strong></span> <span class='ocrx_word' id='word_1_206' title='bbox 2862 3980 3149 4053; x_wconf 87' lang='lat' dir='ltr'><strong>inversa</strong></span> 
     </span>
    </p>
   </div>
   <div class='ocr_carea' id='block_1_3' title="bbox 474 4162 778 4175">
    <p class='ocr_par' dir='ltr' id='par_1_3' title="bbox 474 4162 778 4175">
     <span class='ocr_line' id='line_1_26' title="bbox 474 4162 778 4175; baseline 0 1615"><span class='ocrx_word' id='word_1_207' title='bbox 474 4162 778 4175; x_wconf 95' lang='lat' dir='ltr'><strong> </strong></span> 
     </span>
    </p>
   </div>
   <div class='ocr_carea' id='block_1_4' title="bbox 471 4265 3150 5047">
    <p class='ocr_par' dir='ltr' id='par_1_4' title="bbox 471 4265 3150 5047">
     <span class='ocr_line' id='line_1_27' title="bbox 672 4265 3150 4377; baseline 0.001 -46"><span class='ocrx_word' id='word_1_208' title='bbox 672 4268 740 4349; x_wconf 91' lang='lat'><strong>1)</strong></span> <span class='ocrx_word' id='word_1_209' title='bbox 788 4268 964 4335; x_wconf 83' lang='lat' dir='ltr'><strong>Plut.</strong></span> <span class='ocrx_word' id='word_1_210' title='bbox 1003 4269 1136 4334; x_wconf 86' lang='lat' dir='ltr'><strong>Sol.</strong></span> <span class='ocrx_word' id='word_1_211' title='bbox 1179 4268 1298 4334; x_wconf 82' lang='lat'><strong>13:</strong></span> <span class='ocrx_word' id='word_1_212' title='bbox 1363 4265 1450 4333; x_wconf 76' lang='grc' dir='ltr'><strong>Οἱ</strong></span> <span class='ocrx_word' id='word_1_213' title='bbox 1489 4268 1890 4349; x_wconf 76' lang='grc' dir='ltr'>δ”Αθηναΐοι</span> <span class='ocrx_word' id='word_1_214' title='bbox 1935 4270 2037 4349; x_wconf 73' lang='grc' dir='ltr'><strong>τῆς</strong></span> <span class='ocrx_word' id='word_1_215' title='bbox 2079 4270 2422 4333; x_wconf 75' lang='grc' dir='ltr'>Κυλωνείου</span> <span class='ocrx_word' id='word_1_216' title='bbox 2464 4272 2845 4377; x_wconf 61' lang='grc' dir='ltr'>πεπαυμένης</span> <span class='ocrx_word' id='word_1_217' title='bbox 2887 4274 3150 4354; x_wconf 65' lang='grc' dir='ltr'>ταραχῆς</span> 
     </span>
     <span class='ocr_line' id='line_1_28' title="bbox 474 4350 3148 4467; baseline 0.001 -49"><span class='ocrx_word' id='word_1_218' title='bbox 474 4360 576 4465; x_wconf 57' lang='lat' dir='ltr'><strong>{eal</strong></span> <span class='ocrx_word' id='word_1_219' title='bbox 615 4353 1024 4461; x_wconf 49' lang='lat' dir='ltr'><strong>psffsffra&#39;twv</strong></span> <span class='ocrx_word' id='word_1_220' title='bbox 1065 4355 1272 4467; x_wconf 63' lang='grc' dir='ltr'><strong>ὥστξερ</strong></span> <span class='ocrx_word' id='word_1_221' title='bbox 1325 4356 1552 4439; x_wconf 73' lang='grc' dir='ltr'>εἴρηται</span> <span class='ocrx_word' id='word_1_222' title='bbox 1595 4358 1716 4419; x_wconf 82' lang='grc' dir='ltr'><strong>τῶν</strong></span> <span class='ocrx_word' id='word_1_223' title='bbox 1759 4355 1986 4439; x_wconf 74' lang='grc' dir='ltr'>ἐναγῶν</span> <span class='ocrx_word' id='word_1_224' title='bbox 2027 4350 2160 4434; x_wconf 77' lang='grc' dir='ltr'><strong>τήν</strong></span> <span class='ocrx_word' id='word_1_225' title='bbox 2202 4358 2547 4419; x_wconf 76' lang='grc' dir='ltr'>παλαιᾶν</span> <span class='ocrx_word' id='word_1_226' title='bbox 2589 4359 2823 4431; x_wconf 79' lang='grc' dir='ltr'>αυθις</span> <span class='ocrx_word' id='word_1_227' title='bbox 2870 4354 3148 4421; x_wconf 78' lang='grc' dir='ltr'><strong><em>στάσιν</em></strong></span> 
     </span>
     <span class='ocr_line' id='line_1_29' title="bbox 471 4445 3145 4613; baseline 0.001 -22"><span class='ocrx_word' id='word_1_228' title='bbox 471 4466 616 4527; x_wconf 55' lang='grc' dir='ltr'><strong>περ</strong></span> <span class='ocrx_word' id='word_1_229' title='bbox 661 4466 768 4609; x_wconf 63' lang='grc' dir='ltr'>τ2η)ς</span> <span class='ocrx_word' id='word_1_230' title='bbox 797 4445 1618 4613; x_wconf 47' lang='grc' dir='ltr'><strong>ἆῗιλέῑτιῖῗιξᾶιῗτῇσξέζὲΐυε</strong></span> <span class='ocrx_word' id='word_1_231' title='bbox 1666 4528 1828 4591; x_wconf 87' lang='grc'><strong>1111111</strong></span> <span class='ocrx_word' id='word_1_232' title='bbox 1876 4529 2099 4592; x_wconf 87' lang='lat' dir='ltr'><strong>minus</strong></span> <span class='ocrx_word' id='word_1_233' title='bbox 2146 4534 2327 4593; x_wconf 86' lang='lat' dir='ltr'><strong>reete</strong></span> <span class='ocrx_word' id='word_1_234' title='bbox 2374 4528 2459 4593; x_wconf 89' lang='lat' dir='ltr'><strong>de</strong></span> <span class='ocrx_word' id='word_1_235' title='bbox 2501 4546 2585 4593; x_wconf 88' lang='lat' dir='ltr'><strong>ea</strong></span> <span class='ocrx_word' id='word_1_236' title='bbox 2614 4528 3011 4594; x_wconf 76' lang='lat' dir='ltr'><strong>lustratione</strong></span> <span class='ocrx_word' id='word_1_237' title='bbox 3043 4548 3145 4595; x_wconf 92' lang='grc'><strong>00-</strong></span> 
     </span>
     <span class='ocr_line' id='line_1_30' title="bbox 474 4613 3143 4700; baseline 0.001 -21"><span class='ocrx_word' id='word_1_238' title='bbox 474 4616 725 4700; x_wconf 85' lang='lat' dir='ltr'><strong>gitasse</strong></span> <span class='ocrx_word' id='word_1_239' title='bbox 773 4615 1060 4699; x_wconf 85' lang='lat' dir='ltr'><strong>videtur,</strong></span> <span class='ocrx_word' id='word_1_240' title='bbox 1107 4634 1312 4699; x_wconf 87' lang='lat' dir='ltr'><strong>quam</strong></span> <span class='ocrx_word' id='word_1_241' title='bbox 1361 4613 1722 4682; x_wconf 85' lang='lat' dir='ltr'><strong>Clisthenis</strong></span> <span class='ocrx_word' id='word_1_242' title='bbox 1774 4616 2183 4698; x_wconf 87' lang='lat' dir='ltr'><strong>temporibus</strong></span> <span class='ocrx_word' id='word_1_243' title='bbox 2233 4616 2485 4681; x_wconf 86' lang='grc'><strong>10010111</strong></span> <span class='ocrx_word' id='word_1_244' title='bbox 2520 4633 2671 4680; x_wconf 87' lang='grc'><strong>0000</strong></span> <span class='ocrx_word' id='word_1_245' title='bbox 2714 4616 2921 4681; x_wconf 85' lang='lat' dir='ltr'><strong>refert</strong></span> <span class='ocrx_word' id='word_1_246' title='bbox 2966 4616 3143 4681; x_wconf 86' lang='lat' dir='ltr'><strong>Thu-</strong></span> 
     </span>
     <span class='ocr_line' id='line_1_31' title="bbox 478 4700 3145 4785; baseline 0 -18"><span class='ocrx_word' id='word_1_247' title='bbox 478 4700 778 4785; x_wconf 84' lang='lat' dir='ltr'><strong>cydides.</strong></span> <span class='ocrx_word' id='word_1_248' title='bbox 868 4701 1083 4767; x_wconf 87' lang='lat' dir='ltr'><strong>Immo</strong></span> <span class='ocrx_word' id='word_1_249' title='bbox 1128 4703 1366 4769; x_wconf 88' lang='lat' dir='ltr'><strong>eodem</strong></span> <span class='ocrx_word' id='word_1_250' title='bbox 1414 4703 1552 4766; x_wconf 83' lang='lat' dir='ltr'><strong>fere</strong></span> <span class='ocrx_word' id='word_1_251' title='bbox 1616 4700 1838 4783; x_wconf 78' lang='lat' dir='ltr'><strong>modu,</strong></span> <span class='ocrx_word' id='word_1_252' title='bbox 1909 4707 2118 4785; x_wconf 84' lang='lat' dir='ltr'><strong>atque</strong></span> <span class='ocrx_word' id='word_1_253' title='bbox 2178 4703 2356 4785; x_wconf 85' lang='lat' dir='ltr'><strong>apud</strong></span> <span class='ocrx_word' id='word_1_254' title='bbox 2404 4702 2839 4768; x_wconf 88' lang='lat' dir='ltr'><strong>Plutarchum</strong></span> <span class='ocrx_word' id='word_1_255' title='bbox 2913 4722 3145 4768; x_wconf 84' lang='lat' dir='ltr'><strong>narra-</strong></span> 
     </span>
     <span class='ocr_line' id='line_1_32' title="bbox 477 4787 3139 4873; baseline 0 -20"><span class='ocrx_word' id='word_1_256' title='bbox 477 4795 600 4867; x_wconf 84' lang='lat' dir='ltr'><strong>tur,</strong></span> <span class='ocrx_word' id='word_1_257' title='bbox 654 4790 720 4853; x_wconf 90' lang='grc'><strong>111</strong></span> <span class='ocrx_word' id='word_1_258' title='bbox 771 4787 1286 4855; x_wconf 83' lang='lat' dir='ltr'><strong>Alcmaeonidas</strong></span> <span class='ocrx_word' id='word_1_259' title='bbox 1333 4787 1747 4853; x_wconf 88' lang='lat' dir='ltr'><strong>consuluisse</strong></span> <span class='ocrx_word' id='word_1_260' title='bbox 1793 4791 2176 4873; x_wconf 85' lang='lat' dir='ltr'><strong>accepimus</strong></span> <span class='ocrx_word' id='word_1_261' title='bbox 2223 4788 2775 4854; x_wconf 81' lang='lat' dir='ltr'><strong>Pisistratum</strong></span> <span class='ocrx_word' id='word_1_262' title='bbox 2822 4788 3139 4869; x_wconf 82' lang='lat' dir='ltr'><strong>(Isocrat.</strong></span> 
     </span>
     <span class='ocr_line' id='line_1_33' title="bbox 474 4873 3142 4959; baseline 0 -20"><span class='ocrx_word' id='word_1_263' title='bbox 474 4874 664 4957; x_wconf 85' lang='lat' dir='ltr'>XVI,</span> <span class='ocrx_word' id='word_1_264' title='bbox 713 4873 846 4959; x_wconf 87' lang='lat'><strong>25).</strong></span> <span class='ocrx_word' id='word_1_265' title='bbox 903 4874 1096 4959; x_wconf 76' lang='lat' dir='ltr'><strong>Quae</strong></span> <span class='ocrx_word' id='word_1_266' title='bbox 1130 4877 1432 4941; x_wconf 82' lang='lat' dir='ltr'><strong>lustratio</strong></span> <span class='ocrx_word' id='word_1_267' title='bbox 1464 4876 1686 4940; x_wconf 83' lang='lat' dir='ltr'><strong>statim</strong></span> <span class='ocrx_word' id='word_1_268' title='bbox 1721 4879 1872 4957; x_wconf 90' lang='lat' dir='ltr'><strong>post</strong></span> <span class='ocrx_word' id='word_1_269' title='bbox 1905 4894 2141 4940; x_wconf 90' lang='lat' dir='ltr'><strong>eorum</strong></span> <span class='ocrx_word' id='word_1_270' title='bbox 2174 4878 2405 4958; x_wconf 82' lang='lat' dir='ltr'><strong>sugam</strong></span> <span class='ocrx_word' id='word_1_271' title='bbox 2438 4881 2745 4957; x_wconf 86' lang='lat' dir='ltr'><strong>suscepta</strong></span> <span class='ocrx_word' id='word_1_272' title='bbox 2781 4893 2929 4940; x_wconf 88' lang='lat' dir='ltr'><strong>esse</strong></span> <span class='ocrx_word' id='word_1_273' title='bbox 2960 4875 3142 4940; x_wconf 87' lang='lat' dir='ltr'><strong>vide-</strong></span> 
     </span>
     <span class='ocr_line' id='line_1_34' title="bbox 478 4961 3144 5047; baseline 0.001 -24"><span class='ocrx_word' id='word_1_274' title='bbox 478 4970 606 5043; x_wconf 80' lang='lat' dir='ltr'><strong>tur,</strong></span> <span class='ocrx_word' id='word_1_275' title='bbox 656 4961 718 5026; x_wconf 89' lang='lat' dir='ltr'><strong>id</strong></span> <span class='ocrx_word' id='word_1_276' title='bbox 767 4962 942 5046; x_wconf 90' lang='lat' dir='ltr'><strong>quod</strong></span> <span class='ocrx_word' id='word_1_277' title='bbox 998 4962 1298 5047; x_wconf 86' lang='lat' dir='ltr'><strong>pluribus</strong></span> <span class='ocrx_word' id='word_1_278' title='bbox 1347 4964 1521 5028; x_wconf 83' lang='lat' dir='ltr'><strong>infra</strong></span> <span class='ocrx_word' id='word_1_279' title='bbox 1569 4962 2160 5028; x_wconf 81' lang='lat' dir='ltr'><strong>demonstrabitur.</strong></span> <span class='ocrx_word' id='word_1_280' title='bbox 2253 4962 2383 5027; x_wconf 89' lang='lat' dir='ltr'><strong>Sed</strong></span> <span class='ocrx_word' id='word_1_281' title='bbox 2434 4966 2569 5027; x_wconf 86' lang='lat' dir='ltr'><strong>tota</strong></span> <span class='ocrx_word' id='word_1_282' title='bbox 2613 4962 2953 5027; x_wconf 81' lang='lat' dir='ltr'><strong>Plutarchi</strong></span> <span class='ocrx_word' id='word_1_283' title='bbox 2999 4981 3144 5026; x_wconf 86' lang='lat' dir='ltr'><strong>nar-</strong></span> 
     </span>
    </p>
   </div>
  </div>
 </body>
</html>
