4057 5790
1741 1749 1933 1864 ΙΙΙ.

601 2157 612 2172 ·
696 2128 1051 2204 Veterum
1129 2132 1552 2223 scriptorum
1632 2113 1756 2204 de¹
1801 2131 2101 2223 singulis
2180 2131 2670 2206 Pisistrati
2752 2135 3165 2227 imperiis

489 2268 896 2342 testimonia
950 2291 1178 2360 nuper
1227 2270 1300 2342 in
1357 2269 1937 2364 disceptationem
2003 2271 2280 2345 vocavit
2346 2269 2795 2363 UngeruS‚
2852 2272 2979 2342 Die
3034 2273 3166 2342 Re-

483 2407 833 2498 qierunyen
865 2409 977 2477 des
1011 2409 1388 2478 Pisistratus
1423 2405 1551 2498 (N.
1591 2405 1849 2484 Jahrb.
1888 2406 1938 2482 f.
1976 2407 2241 2482 Philol.
2278 2409 2420 2481 127
2450 2403 2705 2508 (1883)
2736 2431 2803 2502 p.
2828 2411 2985 2482 383
3014 2407 3171 2506 ΒΨ).

492 2543 717 2636 Quem
767 2563 924 2618 cum
969 2546 1198 2622 adhuc
1250 2568 1459 2621 nemo
1515 2547 1987 2640 redarguerit,
2041 2552 2391 2639 quatenus
2432 2567 2589 2623 cum
2628 2567 2713 2620 eo
2753 2548 3169 2622 dissentiam

491 2683 624 2757 hoc
677 2683 834 2757 loco
881 2685 1053 2757 mihi
1102 2686 1313 2759 liceat
1364 2707 1742 2778 exponere.
1771 2683 1814 2784 Ι)
1909 2684 2252 2778 Ungerus
2293 2693 2371 2760 ut
2396 2685 2853 2760 Pisistratum
2886 2693 3157 2774 contra,

492 2826 704 2912 atque
760 2821 990 2899 adhuc
1045 2825 1258 2917 vulgo
1309 2823 1696 2911 ferebatur,
1776 2829 2101 2919 quater
2178 2825 2627 2920 tyrannidem
2684 2825 2989 2900 Athenis
3040 2825 3161 2899 ob·

493 2952 790 3035 tinuisse
858 2964 1304 3056 eundemque
1373 2972 1470 3039 te
1501 2988 1539 3037 r
1608 2966 1847 3059 patria
1916 2964 2287 3060 expulsum
2355 2985 2517 3037 esse
2579 2963 3023 3039 demonstret
3067 2965 3158 3037 ab

492 3096 937 3175 Herodoti
1015 3102 1167 3177 loco
1247 3102 1306 3191 I,
1386 3103 1484 3174 65
1563 3103 2054 3195 proficiscitur.
2197 3101 2451 3175 Tradit
2526 3102 2640 3176 hic
2718 3100 3157 3195 HerodotuS,

491 3234 917 3311 Croesum
973 3260 1107 3331 per
1161 3242 1446 3314 nuntios
1501 3240 1588 3313 de
1623 3206 2069 3332 singulorum
2101 3238 2443 3313 Graeciae
2480 3240 2903 3332 populorum
2943 3238 3158 3312 rebus

491 3374 967 3449 sciscitantem
1026 3377 1456 3469 comperisse
1514 3379 2016 3471 AthenienseS‚
2073 3378 2459 3453 Pisistrato
2497 3378 2609 3451 bis
2646 3378 2965 3471 expulso,
3019 3380 3155 3451 iam

489 3516 928 3587 tertium
1010 3516 1162 3605 regi
1229 3515 1317 3587 ab
1375 3538 1488 3589 eo.
1595 3517 1824 3608 Quam
1880 3517 2309 3607 legationem
2362 3514 2700 3608 Ungerus
2763 3514 3156 3609 (Herodoti

491 3654 894 3727 testimonio
949 3652 1010 3745 Ι,
1066 3656 1196 3727 91:
1279 3657 1430 3752 τρία
1490 3653 1614 3751 γὰρ
1670 3652 1829 3725 ἔτεα
1875 3650 2325 3753 ἐπανεβάλετο
2376 3652 2497 3751 τὴν
2550 3650 2855 3751 Σαρδίων
2910 3652 3155 3724 ἅλωσιν

493 3781 726 3897 nisus)
778 3791 867 3865 ad
919 3792 1069 3863 549
1120 3812 1183 3864 a.
1235 3788 1405 3865 Ohr.
1462 3812 1719 3865 annum
1775 3792 2006 3885 reicit,
2079 3790 2405 3866 Sardes
2459 3793 2609 3864 546
2662 3812 2727 3865 a.
2786 3791 2955 3865 Chr.
3002 3810 3157 3885 cap-

491 3936 601 4003 tas
650 3951 807 4003 esse
861 3930 1195 4003 nimirum
1249 3950 1378 4021 pro
1429 3952 1509 4003 re
1560 3931 1930 4022 explorata
1977 3931 2258 4004 ducens.
2360 3928 2509 4003 Iam
2590 3950 2760 4002 vero
2841 3950 2997 4006 cum
3070 3950 3158 4003 ex

488 4067 914 4142 Aristotelis
967 4069 1375 4143 testimonio
1429 4067 1690 4161 (Polit.
1749 4066 1843 4140 V.
1901 4068 1974 4161 9,
2030 4068 2130 4140 23
2194 4066 2369 4137 ὥστε
2442 4065 2515 4137 ἐν
2574 4063 2745 4137 ἔτεσι
2812 4067 3157 4165 τριάκοντα

489 4206 600 4277 καὶ
651 4206 850 4304 τρισὶν
909 4205 1358 4278 ἑπτακαίδεκα
1404 4204 1522 4304 ἔτη
1573 4205 1822 4277 τούτων
1869 4205 2367 4303 ἐτυράννευσεν)
2418 4206 2518 4277 16
2574 4226 2797 4278 annos
2834 4204 3157 4279 exulasse

495 4344 955 4421 Pisistratum
1033 4346 1391 4421 efficiatur
1471 4346 1914 4437 eundemque
1987 4344 2080 4417 ol.
2142 4348 2263 4429 54,
2317 4344 2369 4415 4
2418 4368 2507 4394 =
2552 4341 2791 4440 561lo
2858 4343 3160 4435 primum

487 4506 726 4557 rerum
777 4486 1080 4577 potitum
1137 4506 1295 4557 esse
1347 4483 1642 4557 aliunde
1690 4488 1988 4571 constet,
2052 4478 2395 4573 ngerus
2427 4482 2714 4555 minime
2752 4480 2907 4553 fieri
2946 4502 3155 4572 posse

487 4623 734 4719 credit,
750 4632 828 4695 ut
853 4622 1276 4696 Pisistratus
1307 4622 1456 4693 549
1482 4624 1776 4711 tertium
1803 4622 1940 4694 iam
1965 4621 2429 4713 occupaverit
2454 4620 2921 4713 tyrannidem.
2960 4618 3156 4711 Quas

797 4792 904 4803 0——

695 4878 768 4958 1)
803 4879 848 4942 S
867 4885 892 4943 t
910 4882 982 4945 ei
1000 4900 1041 4943 n
1060 4882 1083 4944 i
1099 4898 1208 4961 us,
1225 4880 1340 4963 qni
1364 4877 1751 4962 nuperrime
1773 4878 2241 4960 quaestionem
2266 4876 2444 4939 hane
2468 4874 2717 4940 iudieio
2740 4894 2863 4941 suo
2877 4874 3167 4940 subiecit

493 4965 714 5046 (Burs.
744 4966 808 5031 J.
831 4968 904 5033 Β.
929 4966 1097 5031 1886
1121 4987 1186 5051 p.
1213 4966 1369 5049 159)
1394 4968 1479 5030 ad
1505 4963 1992 5029 debilitandam
2011 4963 2264 5047 Ungeri
2288 4964 2692 5027 sententiam
2720 4962 2941 5027 attulit
2964 4962 3154 5029 nihil.
