4057 5790
1498 582 2063 659 -147—

449 851 596 924 ore,
677 830 859 902 alius
940 830 1013 902 in
1095 828 1490 922 posteriore
1571 835 1774 920 parte
1839 829 2053 902 *unice
2125 835 2383 921 regnet
2436 835 2799 924 computus
2850 827 3120 902 dubito.

448 964 606 1041 Nec
685 989 797 1039 me
876 967 1110 1040 iudice
1189 967 1262 1039 id
1344 967 1557 1039 evicit
1614 965 2052 1056 Doppius.
2160 964 2265 1042 Ut
2318 967 2503 1039 enim
2556 965 3121 1041 Boeckhinm

450 1105 538 1176 de
589 1127 699 1198 ep.
741 1079 878 1190 ‘58,
938 1104 1060 1196 62,
1120 1106 1218 1176 63
1299 1101 1631 1200 (computi
1687 1103 1771 1195 O,
1824 1101 1921 1194 D,
1974 1099 2089 1201 Ο.)
2154 1105 2507 1176 erravisse
2562 1104 2873 1176 libenter
2929 1102 3120 1196 Dop-

447 1243 568 1333 pio
621 1242 927 1316 concedo
965 1239 1045 1334 Ι),
1100 1244 1203 1315 ita
1255 1244 1384 1334 eis,
1435 1263 1616 1334 quae
1674 1243 1762 1313 de
1805 1263 1915 1332 ep.
1974 1244 2096 1314 35.
2157 1244 2275 1314 38.
2327 1250 2446 1314 41.
2500 1237 2603 1314 55
2656 1242 2781 1314 ille
2819 1243 3125 1334 protulit

446 1381 628 1473 ipse,
707 1380 1132 1473 adstipulari
1212 1403 1511 1471 nequeo.
1619 1379 1878 1454 Paullo
1931 1381 2119 1452 enim
2179 1379 2593 1452 dissolutius
2650 1401 2944 1468 munere
2994 1361 3141 1453 suo

449 1516 734 1592 functus
809 1539 968 1591 esse
1046 1519 1353 1599 videtur.
1459 1513 1534 1590 In
1591 1541 1704 1609 ep.
1766 1520 1861 1591 35
1918 1523 1992 1590 et
2047 1517 2172 1609 41,
2231 1537 2409 1606 quae
2461 1517 2693 1589 altera
2746 1518 2835 1590 ab
2890 1517 3127 1590 altera

449 1654 783 1749 pendent,
839 1663 1215 1744 utrumque
1297 1662 1698 1746 computum
1781 1652 1882 1750 (A
1930 1663 2006 1727 et
2057 1653 2157 1743 B)
2229 1655 2475 1726 eodem
2530 1655 2685 1727 inre
2736 1654 2955 1728 licere
3008 1653 3125 1725 ad-

453 1791 708 1880 hiberi,
793 1813 1010 1882 snpra
1089 1791 1411 1864 vidimus.
1503 1791 1666 1872 ,Sed
1743 1793 2221 1867 commendari
2300 1791 2958 1866 Boeckhianum
3004 1786 3125 1888 (A)

450 1949 540 2000 ex
620 1950 754 2000 usu
827 1929 1524 2020 chronographorum
1597 1951 1805 2003 nemo
1873 1932 2129 2022 opinor
2183 1951 2323 2002 non
2373 1931 2732 2004 concedet.
2841 1929 2956 2002 De
3012 1952 3125 2021 ep.

454 2065 577 2158 38,
633 2066 832 2139 cuius
885 2086 1221 2137 numerus
1276 2067 1426 2157 ipse
1481 2088 1622 2138 non
1660 2073 1772 2139 est
1804 2068 2108 2157 integer,
2158 2074 2429 2142 certum
2466 2067 2800 2140 indicium
2837 2068 3123 2139 omniuo

452 2202 630 2276 ferri
682 2205 948 2293 nequit.
1055 2201 1198 2278 Hic
1251 2227 1377 2276 suo
1432 2205 1728 2278 arbitrio
1782 2206 2065 2296 quidvis
2116 2211 2355 2300 potest
2408 2195 2744 2299 supplere
2781 2205 3011 2295 quivis
3034 2202 3125 2302 ²).

453 2339 565 2413 Ex
617 2342 730 2413 his
785 2343 1007 2431 igitur
1084 2343 1374 2433 epochis
1453 2343 1542 2414 ad
1596 2341 1794 2415 Parii
1847 2344 2194 2416 rationem
2247 2347 2641 2417 accuratius
2698 2343 3127 2417 circumscri-

450 2479 756 2552 bendam
783 2480 1117 2552 extricari
1155 2484 1390 2574 potest
1422 2480 1622 2552 nihil.
1681 2478 2010 2564 Aewalet
2038 2501 2194 2552 mea
2218 2462 2577 2552 sententia
2610 2501 2903 2575 prorsus
2937 2480 3125 2552 idem

451 2618 540 2692 de
595 2639 704 2711 ep.
764 2617 886 2710 49,
964 2638 1170 2707 quam
1257 2618 1538 2707 quidem
1615 2639 1704 2692 ex
1773 2625 2105 2709 computo
2156 2616 2221 2689 B
2271 2618 2554 2690 restitui
2606 2618 2808 2690 iubet
2855 2616 2926 2689 D
2957 2640 2999 2689 o
3028 2642 3073 2711 p
3102 2656 3127 2669 -

448 2781 494 2851 p
523 2757 623 2828 iu
651 2778 685 2828 s
733 2751 834 2852 (p.
892 2756 1050 2848 61).
1158 2755 1430 2848 Agitur
1469 2756 1556 2826 de
1594 2777 1782 2827 anno
1821 2758 1886 2828 A
1910 2755 2312 2839 ristidis,
2369 2756 2488 2846 qui
2528 2763 2848 2828 accurate
2885 2761 3127 2848 potest

451 2893 913 2968 determinari
959 2914 1048 2964 ex
1102 2891 1849 2967 loco2Plutarcheo
1899 2892 2241 2981 (Aristid.
2281 2889 2394 2990 5):
2454 2884 2577 2961 'Ev
2635 2888 2709 2962 δὲ
2758 2898 2904 2968 ταῖς
2952 2890 3124 2963 ἀνα-

448 3036 742 3128 γραφαῖς
808 3084 825 3099 .
877 3082 893 3099 .
951 3082 967 3099 .
1009 3026 1178 3123 μετὰ
1223 3024 1594 3100 Φαίνιππον
1642 3031 1780 3123 (ita
1834 3052 2089 3102 nomen
2148 3030 2658 3116 scribendum),
2713 3029 2821 3126 ἐφ’
2878 3027 2957 3100 οὗ
3002 3030 3125 3126 τὴν

452 3168 522 3238 ἐν
559 3162 946 3264 Μαραθῶνι
989 3168 1215 3262 μάχην
1249 3166 1500 3249 ἐνίκων,
1539 3164 1741 3243 εὐθὺς
1779 3161 2195 3264 Ἀριστείδης
2231 3165 2461 3264 ἅρχων
2498 3165 3003 3264 ἀναγέγραπται
3032 3166 3122 3257 3).

450 3304 595 3381 Sed
651 3328 740 3378 ne
794 3270 957 3379 hinc
1011 3306 1294 3395 quidem
1351 3328 1526 3379 ansa
1581 3307 1967 3397 praebetur
2019 3308 2110 3380 ad
2148 3312 2419 3381 certam
2457 3306 2804 3378 rationem
2845 3304 3120 3379 auctori

451 3444 992 3534 obtrudendam,
1021 3461 1176 3516 cum
1209 3451 1492 3517 vetusta
1525 3444 1782 3538 lapidis
1819 3446 2176 3539 scriptura
2204 3446 2342 3517 iam
2384 3465 2677 3539 prorsus
2717 3444 3123 3516 evanuerit:

450 3581 850 3654 haesitabat
895 3582 1040 3652 iam
1089 3579 1520 3654 Seldenus
1579 3583 1773 3655 inter
1944 3576 2064 3651 ΔΠ
2104 3576 2471 3674 etAss14).
2538 3578 2799 3655 Restat
2840 3604 2950 3676 ep.
3004 3585 3123 3665 55,

439 3740 660 3809 quam
713 3717 1100 3792 Marmoris
1181 3727 1536 3791 auctorem
1601 3740 1740 3791 sua
1789 3720 2014 3809 ipsius
2068 3720 2351 3791 ratione
2404 3718 2763 3791 invenisse
2813 3718 3125 3809 ideoque

457 3878 776 3929 errorem
854 3858 1284 3930 commisisse
1361 3856 1762 3949 Doppius
1834 3863 2157 3930 autumat
2236 3857 2337 3950 (p.
2391 3855 2546 3945 59).
2637 3855 2743 3928 At
2794 3856 3122 3945 equidem

657 4030 730 4103 1)
775 4026 1240 4092 Flach-ius
1307 4047 1382 4091 se
1437 4030 1498 4091 ei
1573 4030 1682 4092 hic
1740 4034 1809 4091 ut
1859 4027 2274 4110 ‘plerumque
2343 4026 2731 4108 adplicavit.
2824 4022 3121 4089 Omnino

449 4110 766 4177 Flachius
826 4116 970 4197 ipse
1031 4116 1099 4177 in
1147 4115 1444 4177 editione
1488 4133 1613 4177 sua
1657 4115 1815 4178 novi
1863 4116 1980 4177 vix
2026 4114 2247 4176 attulit
2289 4113 2681 4195 quidquam,
2759 4112 2939 4193 quod
2988 4130 3121 4175 non

452 4207 515 4262 et
563 4199 828 4281 planius
875 4210 940 4263 et
989 4200 1410 4265 enucleatius
1458 4208 1758 4264 exstaret
1803 4202 1869 4264 in
1919 4199 2492 4263 commentatione
2538 4198 3013 4281 Doppiana.

657 4286 724 4367 2)
780 4286 878 4349 De
952 4287 1162 4350 veteri
1235 4288 1566 4369 scriptura
1637 4295 1910 4350 servata
1966 4291 2126 4348 sunt
2186 4284 2380 4349 haec:
2453 4284 2723 4347 HHHA.
2775 4286 2863 4360 11,
2952 4300 3129 4365 quae

451 4368 564 4435 Ch
593 4391 634 4434 a
659 4393 699 4434 n
727 4371 914 4436 dier
939 4392 1030 4435 us
1104 4372 1476 4454 supplevit:
1547 4374 1940 4451 ΗΗΗΔΑΙΙ,
2017 4372 2067 4434 Β
2100 4388 2141 4434 o
2168 4389 2205 4434 e
2231 4371 2331 4434 ck
2360 4372 2397 4433 h
2426 4371 2445 4433 i
2476 4389 2603 4433 ua:
2676 4370 3123 4449 ΗΗΗΔΠΙΙΙ,

449 4456 511 4519 D
538 4475 579 4521 o
603 4477 648 4541 p
672 4458 763 4540 pi
794 4476 920 4521 us:
970 4460 1396 4521 ΗΗΗΔΔΙΙΙ.

659 4544 732 4622 3)
781 4544 1114 4608 Dissentit
1171 4552 1406 4608 auctor
1464 4543 1702 4609 Parius
1746 4561 1788 4606 a
1830 4544 2004 4606 serie
2048 4540 2507 4621 Phalerei,
2584 4540 2697 4621 qui
2758 4538 3121 4603 Aristidem

451 4630 540 4695 ad
585 4649 838 4694 annum
888 4647 1186 4713 pugnam
1233 4629 1702 4695 Plataeensem
1771 4632 2243 4712 insequentem
2294 4628 2659 4692 revocavit.
2769 4624 3123 4706 Quaenam

449 4714 920 4798 ἀναγραφαί
964 4715 1120 4780 illae
1163 4717 1431 4796 fuerint,
1500 4714 1778 4779 aliunde
1820 4716 2125 4799 ignotum
2170 4720 2295 4789 est,
2353 4714 2473 4777 sed
2521 4712 2913 4793 conspirant
2960 4730 3117 4775 cum

453 4802 562 4882 iis,
612 4819 782 4885 quas
827 4803 1177 4884 usurpavit
1221 4801 1552 4866 Parius.

650 4888 724 4967 4)
772 4886 1084 4953 inaudita
1128 4887 1532 4952 confidentia
1597 4884 2061 4951 Flachius
2130 4907 2192 4968 p.
2243 4884 2469 4950 XVII:
2550 4884 2651 4967 ‚In
2702 4887 2828 4948 hac
2873 4884 3126 4949 erravit

452 4974 674 5059 Dopp,
722 4975 884 5059 quia
926 4975 996 5037 in
1043 4974 1269 5059 lapide
1311 4983 1414 5039 est
1454 4975 1602 5059 ΛΠ,
1655 4982 1730 5037 ut
1773 4975 2016 5056 corrigi
2060 4977 2405 5058 nequeat.‘
