4057 5790
1929 567 2489 634 -104—

874 799 1286 902 Περίανδρος
1344 801 1680 901 διαιτητὴς
1737 801 2031 901 αἱρεθεὶς
2072 803 2207 884 ,ὑπὸ
2266 805 2509 902 ἀμφοῖν
2564 805 2760 878 ἔλυσε
2810 807 2920 878 τὸν
2983 806 3303 908 πόλεμον)
3350 831 3547 906 agro-

775 905 784 920 ⁶
870 963 1028 1016 rum
1081 943 1644 1054 adsignationem
1695 944 2092 1019 decrevisse
2150 967 2237 1018 ne
2293 946 2717 1019 levissimam
2768 947 3050 1037 quidem
3102 947 3321 1020 habet
3368 950 3547 1020 veri·

871 1082 1037 1154 tatis
1113 1083 1439 1173 speciem.
1548 1082 1938 1156 Testantur
2008 1089 2388 1176 praeterea
2468 1106 2623 1160 cum
2680 1085 3147 1177 Diogenes
3207 1089 3272 1177 (Ι
3316 1085 3363 1180 ἓ
3417 1083 3545 1182 ’75)

870 1226 1018 1291 tum
1074 1218 1639 1293 Plutarchus
1717 1217 1837 1316 (de
1893 1219 2073 1293 Her.
2132 1223 2295 1296 mal.
2365 1242 2421 1296 c.
2480 1217 2609 1313 15)
2691 1245 2942 1314 agrum
3024 1226 3261 1315 istum,
3338 1193 3545 1315 quem

871 1356 1058 1430 cives
1107 1356 1390 1432 Pittaco
1444 1358 1856 1453 tribuerint,
1937 1381 2159 1456 usque
2241 1364 2328 1435 ad
2408 1363 2726 1454 ipsorum
2798 1370 3125 1455 tempora
3178 1358 3549 1433 Πιττάκειον

879 1497 1152 1589 audire,
1183 1496 1275 1568 jd
1314 1497 1504 1586 quod
1558 1518 1768 1587 aegre
1809 1498 2113 1588 quadrat
2162 1501 2235 1572 in
2276 1502 2741 1586 territorium,
2792 1504 2981 1592 quod
3030 1502 3353 1598 protinus
3389 1511 3551 1596 post

873 1603 1056 1726 eam,
1129 1655 1310 1725 quae
1363 1634 1730 1708 ferebatur
1809 1637 2372 1728 adsignationem
2431 1640 2975 1713 Atheniensium
3042 1638 3303 1715 factum
3385 1663 3545 1714 esse

882 1779 1184 1847 constat.
1293 1769 1680 1846 Redundat
1747 1773 2010 1848 affatim
2077 1794 2169 1848 ex
2248 1778 2575 1850 omnibus
2630 1779 2765 1870 his,
2845 1785 3009 1853 ante
3068 1779 3551 1852 Periandri

877 1911 1255 1984 arbitrium
1309 1909 1792 1998 Mytilenaeos
1847 1933 2099 2004 agrum
2155 1913 2443 2007 Sigeum
2495 1917 2743 2007 'neque
2808 1937 3229 2010 recuperare
3283 1935 3411 1990 nec
3464 1917 3550 1990 ci-

875 2048 1082 2121 vibus
1131 2049 1279 2122 suis
1334 2049 1713 2140 adsignare
1768 2052 2109 2143 potuisse.

1083 2184 1191 2260 At
1240 2187 1582 2260 habemus
1631 2189 2063 2284 etiamnunc,
2119 2192 2309 2264 unde
2364 2192 2539 2265 satis
2592 2193 2958 2286 adpareat,
3019 2214 3157 2283 quo
3214 2198 3365 2268 tota
3416 2217 3554 2267 me·

873 2325 1104 2397 moria
1167 2325 1308 2398 ista
1368 2328 1768 2402 revocanda
1843 2328 1956 2400 sit.
2069 2326 2427 2401 Cohaeret
2496 2328 3100 2421 Mytilenaeorum
3154 2332 3551 2422 adsignatio

879 2464 1073 2555 apud
1115 2461 1618 2555 Diogenem
1673 2471 1827 2538 arte
1868 2484 2020 2539 cum
2059 2467 2216 2558 ipsa
2250 2465 2515 2542 Pittaci
2572 2489 2667 2540 ae
2692 2491 2775 2561 sy
2796 2470 3177 2561 mnetia,-
3221 2490 3428 2560 quam
3485 2471 3551 2542 ei

884 2605 1183 2693 propter
1235 2622 1351 2673 res
1403 2601 1597 2675 bello
1643 2601 1888 2676 Attico
1942 2604 2124 2676 bene
2182 2611 2420 2696 gestas
2496 2606 2838 2678 obtulisse
2896 2605 3224 2679 feruntur
3274 2607 3558 2699 Mytile-

876 2740 1064 2810 naei.
1177 2737 1387 2830 Quod
1435 2746 1706 2812 rectum
1779 2763 1935 2815 esse
1991 2743 2259 2832 nequit.
2368 2741 2553 2816 Nam
2622 2745 2871 2856 solum‘
2915 2745 3335 2818 temerariae
3387 2745 3558 2818 Dio·

874 2879 1078 2970 genis
1137 2877 1624 2969 compilationi
1695 2878 2153 2953 tribuendum
2234 2887 2369 2973 est,
2453 2883 2638 2973 quod
2695 2904 2802 2975 ea,
2871 2904 3050 2974 quae
3106 2883 3310 2957 initio
3362 2883 3403 2979 ἓ
3454 2885 3550 2956 75

874 3017 1216 3108 leguntur
1269 3010 1437 3086 Τότε
1478 3010 1530 3086 δ’
1591 3014 1703 3087 οὖν
1757 3016 1868 3087 τὸν
1922 3013 2242 3089 Πιττακὸν
2288 3022 2574 3118 ἰσχυρῶς
2627 3020 2946 3116 ἐτίμησαν
3002 3023 3063 3091 οἱ
3096 3014 3583 3118 Μυτιληναῖοι,«

876 3154 988 3225 καὶ
1039 3153 1162 3251 τὴν
1223 3152 1441 3251 ἀρχὴν
1523 3152 1958 3251 ἐνεχείρησαν
2032 3147 2217 3255 αὐτῷ
2274 3180 2376 3248 sq.
2436 3162 2827 3233 narrationi
2906 3162 2993 3232 de
3072 3160 3261 3233 bello
3318 3162 3556 3234 Attico

876 3294 1256 3367 subiuncta
1303 3299 1494 3365 sunt.
1605 3292 1990 3385 Comparet
2042 3294 2393 3386 Diogenis
2445 3319 2646 3370 error
2716 3298 2827 3369 vel
2896 3298 3183 3389 optime,
3264 3298 3327 3369 si
3378 3298 3554 3374 haec

877 3430 964 3503 de
1023 3428 1287 3504 Pittaci
1333 3430 1724 3503 honoribus
1771 3437 1843 3503 et
1897 3433 2199 3523 imperio
2256 3436 2665 3506 testimonia
2728 3453 2878 3507 cum
2938 3436 3065 3526 eiS,
3135 3456 3313 3525 quae
3368 3433 3555 3509 infra

883 3568 960 3663 (5
1019 3566 1148 3664 ¹79)
1205 3568 1292 3641 de
1347 3568 1499 3639 eius
1543 3573 1777 3641 aetate
1833 3586 1912 3641 ac
1961 3576 2192 3643 morte
2246 3573 2523 3663 scripta
2576 3580 2763 3665 sunt,
2811 3572 3255 3646 conferimus
3362 3574 3403 3668 g
3458 3576 3552 3645 75

878 3705 1098 3779 verba
1139 3727 1278 3797 quo
1319 3707 1729 3798 pertineant
1757 3710 2192 3799 gravissimis
2231 3712 2775 3784 Aristotelis
2828 3720 2902 3785 et
2940 3712 3550 3805 Theophrasti

875 3843 1300 3917 testimoniis
1355 3845 1756 3919 edocemur.
1867 3848 2165 3920 Aristot.
2226 3846 2383 3919 Pol.
2438 3852 2557 3920 ΠΙ.
2624 3852 2699 3941 9,
2762 3852 2843 3921 5:
2916 3848 3128 3946 ἦρχον
3204 3842 3255 3920 δ’
3316 3848 3378 3919 οἳ
3428 3846 3548 3942 μὲν

869 3978 975 4053 διὰ
1028 3978 1168 4081 βίου
1223 3981 1344 4078 τὴν
1399 3981 1619 4080 ἀρχὴν
1673 3984 1923 4081 ταύτην
1979 3981 2505 4083 (αἰσυμνητείαν)
2576 3986 2638 4055 οἳ
2690 3985 2764 4057 δὲ
2828 3988 3024 4084 μέχρι
3089 3996 3278 4057 τινῶν
3344 3992 3547 4085 ὥρισ-

859 4120 1077 4213 μένων
1145 4120 1404 4215 χρόνων
1456 4119 1502 4215 ἢ
1559 4120 1885 4218 πράξεων,
1953 4122 2089 4191 οἷον
2146 4121 2402 4193 εἵλοντό
2460 4148 2623 4194 ποτε
2674 4118 3110 4223 Μυτιληναῖοι
3162 4120 3545 4195 Πιττακὸν

856 4255 1028 4353 πρὸς
1081 4254 1235 4333 τοὺς·
1301 4255 1606 4353 φυγάδας
1676 4262 1769 4329 ὧν
1849 4258 2367 4356 προειστήκεσαν
2431 4254 2885 4359 Ἀντιμενίδης
2961 4262 3071 4333 καὶ
3132 4257 3450 4341 Ἀλκαῖος
3504 4266 3539 4335 ὁ

864 4396 1167 4491 ποιητής.
1279 4394 1496 4469 Dion.
1553 4396 1720 4469 Hal.
1779 4400 1860 4496 A.
1919 4396 2004 4471 R.
2055 4397 2149 4486 V,
2208 4398 2341 4471 73:
2408 4402 2468 4469 oi
2519 4399 2644 4497 γὰρ
2700 4400 3095 4497 αἰσυμνῆται
3143 4399 3546 4495 καλούμενοι

865 4527 1014 4631 παρ’
1067 4526 1360 4630 (Ἕλλησι
1393 4533 1466 4603 τὸ
1511 4532 1812 4631 ἀρχαῖον,
1865 4539 1958 4610 ὡς
2007 4534 2077 4605 ἐν
2113 4540 2246 4610 τοῖς
2281 4536 2433 4632 περὶ
2474 4534 2813 4633 βασιλείας
2864 4539 3120 4634 ἱστορεῖ
3152 4534 3543 4637 Θεόφρα-

859 4694 1093 4753 στος,
1147 4672 1399 4766 αἱρετοί
1449 4695 1614 4747 τινες
1667 4672 1841 4770 ἦσαν
1895 4673 2218 4771 τύραννοι·
2275 4664 2566 4771 ᾑροῦντο
2620 4668 2669 4745 δ’
2713 4672 2953 4750 αὐτοὺς
3000 4677 3071 4745 αἱ
3124 4676 3371 4771 πόλεις,
3412 4672 3535 4749 οὔτ’

862 4807 958 4883 εἰς
1017 4806 1318 4905 ἀόριστον
1373 4810 1635 4907 χρόνον,
1693 4809 1845 4881 οὔτε
1897 4818 2217 4905 συνεχῶς,
2302 4810 2474 4881 ἀλλὰ
2549 4812 2717 4908 πρὸς
2787 4810 2939 4887 τοὺς
3005 4812 3291 4909 καιροὺς,
3348 4816 3549 4888 ὁπότε

859 4944 1074 5025 δόξειε
1148 4944 1502 5043 συμφέρειν
1571 4946 1681 5017 καὶ
1737 4947 1828 5023 εἰς
1880 4948 2085 5018 πόσον
2138 4949 2397 5047 χρόνον·
2452 4950 2681 5047 ὥσπερ
2734 4950 2843 5021 καὶ
2898 4930 3336 5049 Μυτιληναῖοί
3385 4979 3549 5031 ποτε
