4057 5790
1993 542 2453 610 ...4-

891 799 1112 870 wago,
1147 777 1332 851 liiust
1367 779 1496 850 der
1533 777 2105 854 Zwischenraum
2144 781 2491 856 zwischen
2533 781 2682 854 600
2722 783 2865 854 und
2920 783 3064 854 560
3108 803 3235 855 vor
3272 779 3560 855 Christo

887 938 1021 988 von
1082 917 1179 988 40
1232 913 1508 990 Jahren
1562 939 1650 989 zu
1705 919 1933 1009 wenig
1986 919 2163 992 oder
2208 919 2437 993 nichts
2490 921 2947 993 zusammen.t
2988 917 3039 1018 ¹)

1099 1071 1545 1147 Curtius
1627 1073 1790 1166 (Gr.
1851 1073 1942 1148 G.
1995 1073 2101 1148 1⁵
2163 1101 2231 1170 p.
2302 1072 2476 1174 309)
2543 1076 2809 1148 bellum
2878 1074 3342 1152 Salaminium
3399 1087 3563 1172 post

891 1211 1182 1322 Solonis
1259 1217 1563 1286 aetatem
1637 1219 2053 1286 renovatum
2136 1235 2293 1287 esse
2368 1213 2603 1286 sumit.
2708 1212 2791 1286 In
2875 1214 3104 1288 altero
3168 1216 3301 1290 hoc
3372 1217 3561 1290 bello

892 1350 1346 1424 Pisistratum
1423 1352 1890 1443 praestitisse.
1986 1341 2108 1424 ‘Ita
2184 1357 2257 1426 et
2332 1317 2703 1426 Plutarchi
2776 1359 3169 1445 temporum
3243 1356 3561 1430 ordinem

891 1496 1130 1564 servat
1183 1511 1312 1566 nec
1369 1496 1688 1564 removet
1736 1491 2217 1566 Pisistratum.

1096 1646 1606 1752 Dunckerus
1653 1642 1770 1742 (G.
1799 1647 1868 1719 d.
1899 1644 1992 1721 A.
2025 1644 2279 1740 V15p.
2312 1649 2460 1720 135
2489 1671 2593 1738 sq.
2624 1649 2773 1722 224
2802 1647 2941 1748 sq.)
2981 1652 3163 1726 idem
3193 1651 3563 1724 Plutarchi

907 1779 1424 1860 controversias
1470 1787 1572 1857 ita
1624 1785 1882 1859 tollere
1947 1787 2211 1879 studet,
2290 1793 2370 1860 ut
2434 1787 2574 1860 duo
2640 1788 2830 1860 bella
2896 1793 3187 1882 statuat,
3265 1809 3559 1880 quorum

895 1924 1202 1997 alterum
1232 1930 1394 1997 ante
1438 1897 1698 1998 Solon
1718 1926 1789 1998 is
1831 1925 2408 2016 legumlationem
2441 1932 2743 2020 gestum,
2775 1925 3135 2000 Salamine
3166 1933 3564 2020 expugnata

899 2065 1286 2156 conficitur,
1315 2063 1643 2156 alterum,
1673 2060 1743 2136 N
1748 2064 1939 2137 isaea
1967 2085 2010 2135 a
2042 2063 2515 2139 Pisistrato
2545 2059 2768 2157 capta,
2802 2067 3266 2159 componitur.
3318 2064 3561 2158 Atque

902 2222 1053 2276 cum
1107 2200 1540 2277 Plutarchus
1595 2200 1777 2274 duas
1831 2201 2149 2274 diversas
2214 2203 2301 2274 de
2378 2203 2653 2276 insulae
2728 2205 3248 2297 expugnatione
3330 2226 3564 2278 narra-

894 2342 1124 2415 tiones
1181 2340 1614 2434 exhibuerit,
1680 2377 1779 2393 --
1833 2360 2129 2430 quarum
2186 2341 2516 2415 videlicet
2568 2343 2917 2416 alterutra
2971 2345 3281 2434 genuina
3333 2349 3570 2438 potest

894 2472 1048 2554 esse
1109 2519 1207 2531 —-
1263 2479 1693 2553 Dunckerus
1767 2485 2036 2552 temere
2095 2487 2394 2571 utraque
2452 2503 2645 2574 usuS,
2715 2481 2825 2554 bis
2873 2479 3239 2556 Salamina
3299 2488 3567 2574 captam

895 2640 1052 2692 esse
1107 2619 1270 2693 hinc
1324 2617 1627 2691 deducit.
1737 2615 2068 2692 Alteram
2132 2620 2413 2709 quidem
2473 2619 2843 2693 Plutarchi
2912 2621 3387 2694 narrationem
3442 2621 3567 2694 ille

897 2757 1217 2851 praefert
1264 2779 1558 2850 eamque
1610 2758 1696 2829 ad
1753 2758 1950 2852 prius
2000 2759 2264 2831 bellurn
2322 2763 2627 2850 revocat,
2676 2760 2936 2850 quippe
2991 2777 3142 2830 cum
3181 2760 3377 2850 prior
3416 2780 3570 2832 nar-

901 2894 1090 2971 ratio
1145 2902 1440 2990 propter
1492 2895 1856 2969 Pisistrati
1907 2898 2315 2970 societatem
2369 2898 2458 2969 ad
2510 2898 2639 2971 hoc
2692 2898 2959 2970 bellum
2995 2920 3132 2970 non
3175 2899 3568 2973 conveniat.

892 3030 1086 3128 Ergo
1130 3036 1311 3111 hanc
1395 3056 1550 3111 cum
1619 3041 1746 3131 ciS,
1823 3058 2002 3127 quae
2067 3037 2153 3109 de
2218 3036 2585 3111 Pisistrati
2658 3038 2871 3110 rebus
2938 3036 3131 3111 bello
3184 3034 3570 3113 Salaminio

893 3178 1118 3268 gestis
1193 3181 1688 3250 commemorat
1773 3174 2191 3249 Herodotus
2278 3170 2359 3267 (I.
2424 3175 2555 3265 59)
2628 3174 3053 3249 Dunckerus
3120 3194 3361 3249 secure
3414 3196 3571 3251 con-

895 3315 1225 3407 glutinat.

1107 3451 1425 3526 Similem
1472 3454 1820 3525 rationem
1875 3452 1948 3524 in
2002 3451 2450 3526 diiudicanda
2500 3450 2631 3525 hac
2667 3453 3080 3542 quaestione
3137 3450 3360 3525 secuti
3405 3456 3573 3525 sunt

894 3593 1360 3685 PrinziuS,
1436 3592 1548 3663 De
1607 3590 1756 3665 Sol.
1819 3592 2013 3665 Plut.
2073 3590 2248 3663 font.
2299 3590 2595 3665 Bonnae
2653 3591 2850 3663 1867
2913 3612 2981 3682 p.
3044 3591 3113 3663 6.
3169 3587 3573 3661 Bohro-

898 3734 1176 3824 nius,
1261 3730 1528 3804 Philol.
1621 3730 1836 3803 XXX
1924 3751 1992 3821 p.
2089 3731 2258 3801 185.
2349 3728 3134 3819 MeinholdiuS,
3216 3728 3329 3801 De
3420 3728 3569 3802 reb.

899 3852 1239 3944 Salamin.
1295 3866 1573 3959 Regim.
1644 3868 1842 3941 1879
1924 3889 1992 3959 p.
2063 3843 2326 3957 lisq.
2410 3865 2869 3943 Arnoldus
2950 3865 3183 3961 Hug,
3262 3866 3370 3939 M.
3426 3864 3567 3939 Rh.

899 4006 1180 4081 XXXII
1233 4029 1300 4098 p.
1364 4007 1535 4079 631.

1120 4145 1353 4237 Quam
1409 4144 1816 4239 duplicandi
1869 4147 2214 4218 rationem
2274 4168 2415 4219 non
2462 4148 2596 4218 iam
2635 4152 2924 4219 nostrae
2964 4146 3217 4218 aetatis
3271 4146 3405 4218 arti
3450 4145 3577 4219 cri·

903 4290 1084 4367 ticae
1157 4286 1558 4379 convenire,
1644 4284 1938 4378 primus,
2020 4283 2203 4374 quod
2262 4287 2426 4375 sci0,
2509 4284 3107 4356 Thirlwallus
3170 4280 3391 4379 (Hist.
3444 4282 3573 4357 Gr.

1072 4596 1142 4675 1)
1234 4592 1535 4658 Eandem
1584 4593 2009 4675 sententiam,
2083 4592 2419 4676 paulisper
2488 4597 2847 4672 recoctam,
2906 4610 3119 4674 nuper
3176 4587 3448 4675 protulit
3491 4590 3565 4653 P.

903 4682 1356 4761 Stettiner,
1411 4679 1512 4743 Ad
1563 4679 1826 4744 Solonis
1882 4683 2170 4744 aetatem
2219 4680 2643 4761 quaestiones
2690 4680 2979 4743 criticae.
3073 4676 3340 4757 Regim.
3412 4676 3577 4741 1885

745 4786 756 4811 ⁸
888 4788 975 4852 ‘p.
1028 4767 1150 4831 47:
1241 4765 1554 4849 ,Constat
1597 4768 1770 4831 inter
1829 4785 2063 4831 omnes
2120 4785 2159 4830 a
2202 4772 2395 4849 patre
2454 4767 2775 4833 historiae
2817 4764 3103 4847 spatium
3152 4764 3419 4844 triginta
3462 4782 3579 4827 an·

914 4874 1177 4933 norum,
1253 4852 1428 4935 quod
1489 4854 1660 4916 inter
1705 4851 1968 4918 Solonis
2015 4854 2477 4919 archontatum
2530 4860 2595 4917 et
2642 4852 2963 4917 Pisistrati
3012 4850 3433 4932 tyrannidem
3482 4851 3577 4914 in·

910 4941 1233 5021 ten-cessit,
1285 4939 1665 5021 neglectum
1715 4944 1918 5004 esee.'·
