4057 5790
1919 573 2479 643 *102—

865 813 1065 888 haud
1120 813 1266 888 scio
1319 833 1406 884 an
1463 812 1696 904 posita
1737 809 1958 887 fuerit
2026 815 2101 886 in
2180 815 2452 907 tropica
2506 815 2749 906 aliqua
2801 823 3177 907 poetarum
3238 814 3542 890 Graeco·

865 973 1023 1026 rum
1078 952 1413 1045 dictione,
1467 972 1642 1041 quos
1695 951 1785 1024 ad
1838 952 2184 1044 imagines
2241 975 2388 1025 rem
2450 954 2878 1026 venatoriam
2934 955 3047 1027 vel
3085 954 3539 1046 piscatoriam

875 1092 1322 1166 continentes
1393 1112 1599 1180 quam
1683 1090 2155 1164 libentissime
2236 1091 2639 1182 adspirassc
2718 1092 3092 1184 permultis
3172 1092 3544 1168 edocemur

869 1225 1292 1328 exemplis.¹)
1435 1229 1625 1321 Quid
1701 1231 1763 1301 si
1847 1229 2195 1302 eiusmodi
2274 1251 2567 1304 versus:
2656 1223 2753 1326 ἥτ’
2817 1229 2926 1300 ἐπὶ
2978 1225 3222 1327 Τροίας
3272 1229 3545 1328 πύργοις

869 1363 1110 1466 ἔβαλες
1159 1365 1472 1460 στεγανὸν
1529 1365 1782 1438 δίκτυον
1823 1389 1923 1458 sq.
1966 1363 2253 1464 (Aesch'.
2280 1365 2421 1458 Ag.
2466 1363 2645 1464 344)
2674 1368 2786 1440 vel
2818 1368 3245 1461 consimiles,
3282 1369 3539 1459 quibus

865 1503 1217 1579 Pittaci
1269 1505 1556 1596 aliquod
1610 1505 1868 1580 factum
1923 1504 2107 1578 forte
2164 1511 2581 1596 persecutus
2636 1511 2791 1578 erat
2828 1505 2941 1581 vel
2982 1505 3373 1579 Alcaeus
3427 1507 3542 1579 vel

865 1644 1047 1717 alius
1129 1650 1366 1737 poeta,
1441 1666 1681 1718 ansam
1756 1644 2111 1717 dederunt
2183 1644 2273 1716 ad
2328 1644 2481 1716 eius
2534 1644 3110 1718 narratiunculae
3164 1644 3550 1732 fictionem,'

866 1803 1006 1872 qua
1051 1783 1500 1856 retiariorum
1574 1783 1918 1873 originem
1999 1783 2268 1854 seriore
2338 1788 2573 1855 aetate
2628 1782 3093 1855 illustrabant
3150 1783 3537 1873 antiquarii

865 1919 1231 1996 Romani?
1330 1920 1539 2012 Quod
1617 1922 1682 1993 si
1757 1927 1949 1993 recta
2027 1926 2139 1993 est
2190 1920 2495 2014 suspicio
2549 1921 2721 1993 haec
2775 1920 2957 1992 nihil
3000 1921 3535 2013 admirabimur,

869 2059 1058 2151 quod
1109 2061 1263 2154 ipso
1319 2058 1774 2130 retiariorum
1829 2058 2176 2152 adparatu
2246 2059 2351 2130 uti
2386 2058 2736 2131 ‘videmus
2781 2057 3169 2134 Pittacum.
3300 2057 3547 2150 Expli-

869 2204 1070 2272 catur
1149 2203 1384 2270 autem
1465 2197 1630 2272 hinc
1699 2197 1917 2268 ctiam
1969 2197 2338 2270 mirificum
2411 2198 2592 2271 illud
2643 2197 3093 2272 Herodoti
3176 2198 3536 2272 silentium

866 2355 994 2411 nec
1067 2357 1208 2409 non
1287 2335 1758 2428 explanantur
1834 2333 1966 2409 hoc
2042 2335 2249 2408 modo
2317 2299 2649 2409 facillime
2706 2358 2950 2410 omnes
3008 2339 3198 2409 inter
3253 2358 3410 2408 eum
3465 2342 3540 2407 et

871 2474 1304 2567 posteriores
1359 2474 1742 2566 scriptores
1791 2473 2335 2568 discrepantiae.
2441 2473 2590 2546 Iam
2646 2496 2813 2547 vero
2868 2495 3209 2564 quaenam
3261 2475 3419 2566 ipsa
3454 2493 3541 2545 ca

873 2634 989 2685 res
1036 2611 1285 2706 fuerit,
1349 2633 1532 2702 quae
1615 2612 2010 2685 narrationi
2074 2619 2361 2685 nostrae
2417 2613 2737 2687 subiecta
2787 2613 2905 2706 sit,
2976 2634 3086 2685 me
3136 2613 3369 2687 iudice
3420 2633 3541 2684 ex-

876 2751 1115 2843 putari
1167 2752 1304 2824 iam
1388 2771 1532 2822 non
1612 2756 1874 2845 potest,
1951 2753 2371 2846 praesertim
2424 2773 2575 2828 cum
2626 2773 2715 2824 ne
2770 2750 3183 2825 Herodotus
3230 2751 3535 2842 quidem,

870 2890 1345 2982 peritissimus
1397 2889 1690 2961 istarum
1747 2910 1986 2961 rerum
2040 2891 2270 2984 testiS,
2345 2889 2559 2963 ullam
2612 2890 2817 2964 nobis
2872 2889 3215 2984 praebeat
3266 2911 3533 2963 ansam.

873 3026 1016 3105 Sed
1105 3028 1241 3100 iam
1321 3027 1658 3100 subsisto.
1792 3027 1906 3099 De
1984 3030 2415 3103 narrationis
2496 3029 2771 3120 origine
2828 3028 2950 3101 alii
3002 3028 3192 3101 haud
3246 3030 3390 3103 scio
3444 3048 3535 3101 an

873 3165 1194 3241 iudicent
1231 3166 1479 3239 aliter:
1537 3166 1623 3237 ad
1677 3186 1792 3237 res
1849 3172 2088 3255 gestas
2141 3174 2377 3240 tamen
2436 3168 2916 3240 restituendas
2972 3188 3057 3239 ea
3094 3187 3532 3256 nequaquam

871 3305 1213 3378 utendum
1265 3326 1448 3396 esse,
1505 3299 1658 3376 fore
1713 3312 1795 3387 ut
1843 3304 2274 3378 concedatur
2329 3326 2561 3395 spero.

1067 3441 1408 3515 Ceterum
1465 3442 1555 3514 ad
1609 3441 2137 3516 diiudicandum
2219 3444 2444 3535 ipsam
2499 3464 2678 3536 eam,
2761 3462 2970 3533 quam
3023 3443 3227 3514 nobis
3284 3461 3537 3534 propo-

749 3594 756 3601 “
867 3583 1161 3675 suimus,
1250 3582 1763 3673 quaestionem,
1847 3582 2034 3654 sitne
2086 3579 2265 3654 falsa
2338 3603 2427 3653 au
2492 3589 2687 3654 recta
2750 3582 2988 3673 opinio
3042 3580 3540 3679 measomnino

874 3742 1015 3791 non
1073 3721 1356 3811 attinet,
1411 3738 1561 3793 cum
1619 3718 1691 3790 id
1741 3719 1925 3809 quod
1984 3719 2260 3791 addidit
2312 3719 2703 3811 DiogeneS,
2769 3718 3219 3793 Pittacum
3280 3716 3539 3809 Myti-

857 3858 1227 3931 lenacia
1266 3858 1648 3932 victoria
1683 3878 1840 3929 sua
1887 3857 2446 3931 territorium
2487 3860 2889 3931 amissum
2928 3874 3535 3947 recuperasse,

869 3996 983 4069 vel
1039 4018 1168 4088 per
1225 4018 1301 4068 se
1355 3995 1552 4067 nullo
1605 4002 1808 4087 pacto
1864 3995 2119 4070 factum
2172 4018 2330 4070 esse
2379 3998 2631 4087 possit.
2744 3994 3102 4069 Cohaeret
3152 4000 3303 4067 tota
3358 3994 3537 4064 haec

872 4134 1194 4224 quaestio
1250 4134 1602 4207 artissime
1657 4152 1810 4210 cum
1869 4136 2022 4225 agri
2076 4136 2205 4206 illa
2259 4134 2773 4227 adsignatione,
2821 4152 3026 4223 quam
3074 4094 3243 4224 post
3275 4130 3537 4203 Pittaci

865 4337 959 4345 ...q-.-
984 4338 1080 4345 ——.-
1108 4339 1247 4345 -—----
1277 4336 1480 4347 ⁶——--——

866 4461 1083 4544 primo
1143 4459 1490 4523 Aetiorum
1577 4459 1752 4525 libro
1839 4462 2179 4524 variorum
2270 4475 2561 4538 agonum
2652 4461 2722 4519 et
2794 4456 3238 4519 certaminum
3296 4470 3537 4518 causas

867 4566 1144 4632 prorsus
1221 4545 1456 4611 eadem
1535 4548 1796 4610 ratione
1867 4546 2264 4610 tractavisse
2309 4545 2471 4608 satis
2519 4561 2606 4607 ex
2652 4544 2794 4606 eius
2843 4543 3235 4623 fragmentis
3282 4541 3536 4622 conspi-

867 4655 1066 4699 cuum
1137 4639 1237 4699 est
1305 4633 1862 4713 (Schneider,
1934 4631 2107 4697 Call.
2156 4630 2235 4696 H
2280 4652 2341 4714 p.
2388 4628 2703 4707 35—78).
2794 4626 2993 4709 Quod
3039 4628 3278 4692 Pittaci
3328 4634 3537 4690 certa-

865 4740 1019 4785 men
1099 4719 1440 4802 singulare
1515 4722 1776 4798 attinet,
1869 4716 2461 4783 commemorabile
2534 4715 2643 4779 vel
2722 4716 2849 4779 hoc
2918 4720 3044 4790 est,
3121 4714 3303 4796 quod
3364 4714 3538 4775 inter

869 4807 1374 4889 myrmillonum
1417 4806 1837 4871 adversarios
1883 4805 2163 4889 perinde
2238 4823 2320 4869 ac
2394 4804 2648 4868 retiarii
2717 4802 3077 4886 'I'bhreces
3124 4818 3167 4864 a
3205 4800 3538 4863 veteribus

867 4894 1304 4977 scriptoribus
1350 4898 1805 4958 recensentur.

1079 4982 1144 5061 1)
1193 4978 1548 5062 congessit
1579 4982 1720 5044 eius
1753 4980 2020 5060 generis
2054 4977 2401 5061 complura
2433 4974 2699 5038 Welck
2720 4993 2915 5037 erus
2962 4974 3044 5037 A.
3088 4972 3166 5034 D.
3198 4970 3257 5036 11
3290 4992 3349 5055 p.
3384 4970 3530 5037 335.
