4057 5790
1847 542 2474 622 1--30—

889 778 1012 871 ris,
1071 800 1288 870 supra
1345 777 1667 852 effecisse
1729 780 1905 852 mihi
1952 781 2217 854 videor.
2320 745 2665 854 Nihilad
2722 803 2899 876 rem,
2956 785 3015 855 si
3066 803 3224 856 eum
3284 783 3570 857 omnino

887 917 1632 1009 praetermittimuS.¹)
1743 915 1974 994 ‘Unus
2042 919 2265 1011 igitur
2332 920 2462 994 hac
2532 927 2746 1011 parte
2810 926 3037 996 restat
3109 919 3567 998 PlutarchuS.

1091 1057 1236 1128 Iam
1313 1077 1484 1130 vero
1569 1057 1631 1128 si
1679 1055 2167 1133 Plutarchi
2222 1059 2703 1132 narrationem
2764 1080 2917 1134 cum
2977 1059 3343 1151 superiore
3398 1059 3577 1133 rela-

889 1195 1081 1267 tione
1132 1190 1602 1286 conferimus,
1657 1197 2149 1285 gravissimam
2228 1199 2560 1270 nimirum
2618 1199 3168 1289 discrepantiam
3238 1196 3326 1271 ad
3379 1198 3575 1271 ducis

889 1352 1263 1423 personam
1317 1333 1680 1427 pertinere
1740 1334 2071 1425 adparet.
2176 1333 2298 1407 Ab
2344 1335 2478 1411 hac
2534 1356 2805 1408 summa
2840 1334 3255 1436 differentia
3294 1342 3577 1408 ceterae

885 1470 1202 1564 pendent
1255 1470 1591 1544 minores.
1683 1469 1912 1544 Velut
1957 1494 2114 1544 cum
2164 1493 2273 1564 eo,
2328 1472 2514 1562 quod
2551 1471 2986 1546 Plutarchus
3039 1473 3347 1546 militare
3394 1473 3575 1546 illud

887 1609 1156 1682 facinus
1205 1610 1535 1683 attribuit
1571 1577 1847 1702 Soloni,
1900 1611 2138 1701 ipsius
2188 1611 2453 1686 scilicet
2520 1608 2919 1685 Salaminis
2956 1611 3383 1704 expugnatio
3418 1616 3571 1684 arte

887 1747 1244 1821 cohaeret.
1355 1748 1432 1818 In
1485 1747 1886 1837 antiquiore
1944 1747 2297 1820 relatione
2351 1747 2564 1822 huius
2629 1749 2907 1822 insulae
2955 1750 3225 1824 mentio
3285 1749 3569 1822 omnino

885 1885 1148 1958 iniecta
1205 1891 1316 1956 est
1365 1885 1586 1958 nulla.
1691 1883 1797 1960 Ut
1849 1886 1963 1959 hic
2013 1885 2259 1978 hostes
2309 1885 2631 1978 Megaris
2686 1887 2946 1982 exisse,
3019 1889 3123 1961 ita
3176 1885 3567 1962 Athenien·

888 2045 1001 2096 ses
1054 2021 1608 2112 Megarensibus
1678 2024 1970 2097 devictis
2026 2023 2331 2116 Megara
2404 2026 2721 2099 tendisse
2802 2028 3157 2101 dicuntur.
3246 2023 3413 2098 Non
3464 2025 3565 2097 ita

888 2160 1468 2236 Plutarchus.
1605 2161 1932 2236 Verbose
2025 2165 2184 2236 eius
2274 2163 2592 2238 narratio
2660 2165 2961 2240 claudit:
3050 2167 3226 2236 ὥστε
3309 2161 3571 2259 μηδένα

889 2298 1249 2394 διαφυγεῖν,
1291 2296 1466 2368 ἀλλὰ
1508 2297 1764 2375 πάντας
1803 2297 2181 2370 ἀπολέσθαι
2212 2301 2323 2372 καὶ
2372 2302 2492 2398 τὴν
2533 2310 2730 2399 νῆσον
2792 2301 3321 2377 ἐπιπλεύσαντας
3375 2297 3573 2376 εὐθὺς

887 2435 1062 2531 ἔχειν
1113 2433 1265 2511 τοὺς
1317 2427 1753 2533 Ἀθηναίους.
3436 2535 3451 2546 1

1065 2572 1328 2646 Etiam
1385 2573 1680 2666 locuS,
1753 2595 1891 2664 quo
1973 2573 2319 2648 solemnia
2372 2574 2750 2648 muliebria
2806 2576 3305 2684 celebrantur)
3382 2577 3570 2670 apud

885 2693 1351 2786 Plutarchum
1406 2718 1720 2784 mutatus
1779 2719 1913 2784 est.
2021 2709 2199 2784 Cum
2250 2707 2438 2784 enim
2494 2712 2682 2804 apud
2739 2715 3051 2786 Aeneam
3119 2721 3193 2786 et
3236 2715 3550 2805 Trogum

885 2849 1358 2943 Megarenses
1395 2851 1738 2942 impetum
1796 2851 1867 2922 in
1919 2849 2458 2924 Eleusinem
2502 2849 2791 2945 faciant.
2845 2851 3272 2935 Plutarchus
3323 2873 3445 2926 eos
3494 2852 3567 2925 in

881 2990 1371 3083 promunturio
1427 2986 1800 3065 Ooliade
1881 2989 1972 3062 ad
2015 2986 2512 3062 Halimuntem
2570 2988 3121 3068 Atheniensium
3198 2998 3559 3065 matronas

881 3130 1260 3220 adgressos
1317 3150 1473 3201 esse
1524 3131 1731 3201 testis
1788 3134 1918 3199 est.
2027 3126 2249 3201 Cuius
2306 3127 2590 3217 quidem
2648 3129 3081 3201 narrationis
3140 3136 3395 3201 auctor
3446 3148 3570 3201 cur

879 3267 1165 3341 tandem
1222 3266 1920 3341 feminarum⁴sacra
1975 3287 2063 3337 ex
2117 3258 2461 3339 Eleusine
2540 3267 2999 3343 transtulerit
3044 3264 3563 3351 Halimuntem·,

878 3409 1151 3483 nescire
1211 3428 1322 3477 me
1363 3402 1622 3495 fateor,
1679 3404 2008 3495 quoniam
2050 3402 2517 3494 Megarenses
2570 3426 2657 3477 ex
2714 3402 3080 3477 Salamine
3138 3427 3277 3479 non
3331 3406 3565 3477 minus

877 3543 1232 3619 commode
1285 3545 1358 3617 in
1409 3542 1825 3616 Eleusinem
1902 3543 2387 3616 incursionem
2434 3540 2663 3615 facere
2730 3550 3149 3634 potuerunt,
3230 3524 3439 3632 quam
3492 3542 3565 3612 in

877 3682 1266 3757 Goliadem.
1392 3682 1586 3755 Fieri
1667 3689 1939 3774 potest,
2024 3646 2121 3754 ut‘
2188 3682 2409 3754 homo
2487 3683 2778 3755 serioris
2856 3682 3111 3754 aetatis
3185 3699 3565 3769 rerumque

878 3820 1280 3895 Atticarum
1333 3824 1637 3911 ignarus
1694 3822 1766 3891 in
1825 3819 2080 3892 eadem
2139 3841 2216 3892 re
2271 3821 2415 3892 iam
2473 3820 2867 3906 offenderit,
2948 3812 3019 3891 in
3076 3840 3214 3909 qua
3264 3819 3573 3891 haesitat

876 3959 1110 4051 Bege
1133 3980 1540 4051 mannus,
1621 3979 1776 4033 cum
1833 3957 2007 4032 haec
2074 3958 2300 4031 verba
2350 3955 2517 4031 facit
2570 3926 2865 4048 Quaest.
2928 3955 3076 4031 Sol.
3150 3955 3224 4029 II
3302 3978 3371 4048 p.
3430 3958 3564 4028 10:

877 4097 1111 4191 „Quod
1157 4098 1442 4188 quidem
1497 4117 1656 4171 cum
1730 4098 2047 4167 Iustinus
2103 4096 2363 4186 aliique
2420 4094 2761 4169 Eleusine
2833 4094 3090 4169 factum
3170 4116 3326 4167 esse
3406 4114 3567 4167 nar·

877 4245 1066 4328 rent,
1119 4240 1192 4307 in
1251 4257 1564 4309 errorem
1649 4235 2079 4327 inciderunt,
2162 4236 2329 4325 quia
2382 4234 2805 4307 feminarum
2872 4251 3091 4317 sacra,
3168 4232 3255 4305 de
3313 4232 3569 4322 quibus

877 4400 1202 4423 ..—0-—-——--

1083 4512 1146 4591 1)
1237 4508 1636 4575 Admodum
1692 4508 2016 4573 dissolute
2061 4512 2127 4571 in
2178 4508 2634 4573 examinanda
2678 4509 2959 4571 fontium
2998 4506 3391 4570 auctoritate
3425 4522 3563 4568 ver-

875 4601 1064 4663 satus
1111 4601 1214 4661 est
1262 4596 1886 4676 Grundnerus‚
1962 4615 2163 4678 quem
2238 4598 2513 4659 omnino
2580 4595 2771 4675 fugit,
2843 4597 3019 4657 inter
3081 4590 3381 4673 singulas
3441 4593 3563 4656 has

875 4684 1276 4765 scriptorum
1327 4682 1750 4749 narrationes
1823 4682 2123 4766 aliquam
2194 4682 2614 4747 intercedere
2656 4683 3013 4745 rationem.
3112 4678 3351 4761 Itaque
3396 4678 3453 4741 is
3500 4684 3567 4741 et

876 4770 1205 4852 Polyaeni
1251 4776 1316 4835 et
1364 4771 1626 4835 Aeliani
1669 4770 2052 4835 relationes
2098 4788 2217 4852 per
2261 4788 2333 4833 se
2380 4772 2559 4853 ipsas
2626 4774 2953 4833 recenset.
3067 4765 3345 4831 Prorsus
3402 4784 3564 4829 eun-

886 4856 1042 4921 dem
1088 4875 1416 4923 canonem
1467 4861 1744 4923 secutus
1793 4864 1896 4922 est
1943 4856 2355 4941 Iosephus
2389 4857 2674 4935 lonas,
2728 4855 2829 4917 De
2860 4849 3108 4919 Solone
3140 4851 3560 4917 Atheniensi.

873 4944 1159 5011 Monast.
1214 4944 1381 5013 188⁴
1433 4964 1494 5029 p.
1554 4945 1660 5008 19.
