4057 5790
1960 575 2524 646 ..140-

1116 811 1395 906 Restat,
1452 818 1534 887 ut
1585 813 2025 904 singulorum
2081 813 2448 890 Pisistrati
2502 839 2885 910 regnorum
2927 820 3310 906 intervalla
3360 841 3573 912 quan·

911 963 1058 1032 tum
1112 977 1484 1049 possumus
1564 955 2002 1031 definiamus.
2110 953 2324 1047 Quod
2408 965 2604 1034 certo
2684 960 2967 1050 quidem
3041 959 3199 1032 fieri
3277 960 3569 1050 nequire

911 1179 1363 1246 testimonium
1411 1177 1552 1259 (VI,
1605 1179 1759 1256 103)
1808 1180 1921 1243 ubi
1949 1181 2267 1246 traditum
2314 1187 2437 1262 est,
2488 1180 2867 1264 Cimonem,
2915 1181 3315 1262 Stesagorae
3358 1181 3569 1246 filium

906 1265 1348 1349 (cognomine
1393 1259 1747 1346 Κοάλεμονε
1797 1264 1971 1328 Plut.
2005 1263 2177 1330 Cim.
2207 1269 2296 1352 4),
2347 1287 2499 1332 cum
2557 1286 2598 1331 a
2638 1267 2987 1352 Pisistrato
3020 1268 3292 1332 civitate
3322 1269 3581 1344 eiectus,

912 1357 1114 1432 esset,
1183 1347 1540 1432 Olympiae
1584 1349 1928 1432 quadrigis
1974 1355 2241 1418 vicisse.
2334 1355 2477 1420 Iam
2522 1373 2687 1419 vero
2736 1375 2886 1419 cum
2934 1356 3315 1440 insequenti
3361 1354 3569 1438 olym-

911 1438 1111 1524 piade
1155 1437 1332 1500 idem
1382 1436 1620 1498 iisdem
1671 1438 1858 1520 equis
1903 1439 2253 1504 victoriam
2303 1439 2686 1524 Olympiam
2748 1446 3175 1524 reportasset,
3248 1443 3571 1506 honorem

913 1525 1233 1590 victoriae
1276 1541 1428 1585 eum
1457 1522 1878 1586 transtulisse
1901 1525 2004 1588 .ad
2034 1526 2481 1591 Pisistratum.
2534 1523 2686 1608 Qua
2730 1546 2805 1591 re
2834 1525 3185 1592 Cimonem
3221 1546 3261 1591 a
3286 1539 3571 1608 tyranno

911 1612 1200 1676 reditum
1271 1609 1690 1690 impetrasse.
1797 1609 1926 1673 Sed
2004 1614 2275 1677 tertium
2353 1613 2589 1678 iisdem
2660 1615 2849 1696 equis
2924 1615 3210 1678 eandem
3284 1613 3571 1696 gloriam

912 1698 1227 1781 adeptum
1273 1697 1570 1775 κατέλαβε
1617 1693 1960 1768 ἀποθανεῖν
2011 1693 2127 1761 ὕπὸ
2169 1703 2289 1764 τῶν
2342 1698 2795 1785 Πεισιστράτω
2832 1701 3091 1780 παίδων,
3149 1698 3346 1763 οὗκέτι
3405 1723 3573 1786 περι-

909 1783 1112 1858 εόντος
1176 1778 1358 1844 adro&
1421 1779 1889 1865 Πεισιστράτου.
1979 1781 2166 1866 Quas
2211 1786 2526 1851 victorias
2574 1786 2889 1869 deinceps
2934 1803 3007 1849 se
3048 1787 3417 1868 excepisse,
3485 1803 3573 1850 ex

907 1887 1233 1954 equorum
1302 1871 1542 1930 natura
1613 1867 1787 1931 iusto
1861 1869 2009 1933 iure
2086 1869 2355 1955 collegit
2427 1872 2620 1935 Dun
2650 1871 2755 1935 ck
2786 1891 3003 1936 erus
3050 1871 3129 1935 G.
3178 1872 3245 1935 d.
3295 1872 3380 1942 A.
3436 1869 3573 1938 v1⁶

907 1977 972 2041 p.
1020 1954 1174 2020 469.
1263 1952 1514 2016 Verum
1583 1954 1852 2034 erravit,
1931 1973 2085 2019 cum
2152 1956 2457 2022 ultimam
2526 1958 2875 2022 victoriam
2934 1962 3203 2041 propter
3248 1956 3572 2022 Pisistrati

908 2044 1162 2107 exitum
1215 2037 1396 2122 (527)
1443 2037 1525 2102 ad
1575 2057 1828 2103 annum
1874 2041 1995 2104 524
2049 2045 2463 2109 reiciendam
2509 2043 2806 2113 duceret.
2877 2044 3053 2109 Fieri
3098 2045 3278 2108 enim
3322 2049 3563 2126 potest,

908 2135 982 2194 ut
1048 2128 1431 2192 Pisistratus
1505 2123 1612 2187 vel
1667 2131 1825 2189 ante
1894 2128 1977 2189 63
2023 2129 2431 2214 olympiadis
2496 2131 2754 2195 initium
2804 2129 2932 2192 528
2976 2135 3264 2195 mortem
3331 2132 3574 2195 obierit

908 2212 1384 2296 extemploque
1455 2215 1607 2294 post
1681 2211 2196 2279 celebrationem
2266 2215 2658 2300 Olympiam
2735 2214 2974 2281 Cimon
3048 2219 3135 2282 ab
3214 2217 3359 2281 eius
3418 2217 3570 2281 filiis

907 2304 1350 2382 interemptus
1396 2297 1501 2361 sit.
1539 2361 1548 2380 ,
1597 2297 1744 2361 Hoc
1787 2317 1920 2362 non
1967 2301 2211 2365 iniuria
2258 2305 2546 2368 obtinuit
2591 2303 3008 2386 Ungerus,
3061 2305 3249 2368 cuius
3294 2304 3569 2386 quidem

907 2384 1560 2465 argumentationem
1608 2383 1886 2467 adsequi
1932 2405 2228 2470 nequeo:
2286 2388 2499 2472 ,Nach
2534 2389 2928 2453 Aristoteles
2976 2393 3263 2473 regierte
3293 2390 3570 2474 Hippias

912 2474 994 2539 18
1037 2473 1274 2555 Jahre3
1323 2470 1479 2534 dass
1527 2469 1711 2532 diese
1757 2470 2171 2560 reich-lich
2207 2476 2561 2541 bemessen
2600 2476 2733 2539 und
2770 2479 2931 2540 eher
2960 2477 3167 2541 uber
3198 2475 3300 2540 als
3332 2482 3572 2540 unter

909 2560 994 2625 18
1037 2557 1216 2622 volle
1261 2556 1433 2637 sind,
1509 2557 1594 2619 ist
1652 2555 1894 2621 daraus
1943 2578 2024 2621 zu
2072 2561 2467 2644 schliessen,
2541 2562 2699 2627 dass
2743 2563 3122 2628 Herodot
3168 2562 3281 2643 VI,
3331 2563 3425 2626 65.
3458 2563 3579 2626 auf

911 2646 1022 2711 die
1065 2642 1416 2708 wirkliche
1449 2641 1837 2723 Regierung
1869 2645 1987 2708 des
2022 2644 2405 2713 Pisistratus
2450 2649 2610 2712 und
2659 2650 2950 2713 seines
2994 2648 3578 2732 Nachfolgers

910 2732 1098 2796 nicht
1169 2730 1301 2794 wie
1368 2727 1762 2792 Aristoteles
1811 2731 1893 2792 35
1961 2733 2254 2799 sondern
2306 2736 2389 2799 36
2428 2735 2635 2800 Jahre
2703 2735 2945 2799 zaehlt.
3040 2735 3425 2800 Pisistratos
3490 2735 3580 2798 ist

907 2819 1056 2883 also
1102 2816 1254 2897 528,
1332 2815 1912 2895 moglicherweise
1982 2820 2191 2883 scbon
2266 2840 2384 2885 vor
2452 2821 2644 2885 Ende
2711 2822 2837 2883 529
2879 2821 3294 2905 gestorben.‘
3381 2818 3575 2904 Quod

911 2905 1258 2987 Ungerum
1305 2903 1695 2982 commovit,
1777 2909 1848 2967 ut
1919 2900 2226 2971 ultimam
2273 2907 2573 2971 Cimonis
2622 2909 2971 2973 victoriam
3017 2927 3197 2973 anno
3244 2908 3391 2989 528,
3442 2926 3576 2971 non

912 2994 1036 3055 524
1086 2988 1521 3069 adscriberet,
1593 2988 1719 3051 hoc
1765 2996 1896 3054 est:
1974 2992 2162 3071 ,Sein
2231 2995 2519 3057 aelterer
2564 2994 2745 3058 Sohn
2795 2996 3184 3076 Stesagoras
3234 2994 3414 3057 hatte
3461 2993 3578 3057 da-

912 3076 1083 3143 mals
1130 3077 1248 3139 das
1297 3072 1767 3154 Mannesalter,
1821 3075 1886 3139 d.
1937 3078 2000 3140 h.
2055 3079 2177 3143 das
2224 3081 2327 3143 20.
2376 3081 2541 3143 Jahr
2586 3080 2759 3144 noch
2804 3081 2987 3144 nicht
3025 3080 3333 3143 erreicht.
3416 3080 3571 3143 Her.

913 3164 1026 3243 VI,
1081 3165 1227 3225 103.
1295 3162 1615 3241 Dagegen
1666 3162 1787 3223 524
1836 3164 2059 3226 finden
2112 3167 2235 3229 wir
2281 3168 2407 3229 den
2449 3168 2738 3246 jungern
2790 3168 2967 3229 Sohn
3006 3166 3337 3230 Miltiades
3367 3166 3577 3229 sehon

911 3250 1013 3316 als
1065 3247 1332 3314 Archon
1388 3250 1816 3329 eponymos.‘
1907 3250 2091 3313 Sicut
2167 3253 2477 3333 Ungerus
2555 3253 2754 3315 etiam
2831 3252 3071 3335 reliqui
3141 3254 3574 3332 recentiores,

913 3337 1026 3421 qui
1074 3354 1211 3398 rem
1260 3335 1816 3416 perstrinxerunt,
1883 3332 2275 3421 Miltiadem,
2351 3340 2474 3401 524
2524 3340 2681 3402 anni
2727 3339 3115 3402 archontem
3165 3357 3575 3422 eponymum

911 3424 1226 3503 (Dionys.
1276 3418 1428 3483 Hal.
1475 3419 1547 3482 A.
1587 3418 1667 3482 R.
1705 3420 1848 3501 VII,
1887 3422 1956 3501 3)
2003 3441 2153 3487 cum
2201 3428 2461 3490 minore
2506 3422 2808 3488 Cimonis
2856 3425 3013 3505 filio,
3069 3427 3321 3489 victore
3368 3425 3579 3488 Mara-

915 3510 1168 3588 thoniO,
1237 3507 1674 3589 aequiparant
1717 3506 1806 3585 (D
1835 3527 1873 3569 u
1900 3508 2277 3575 nokerus
2326 3510 2407 3574 G.
2446 3511 2513 3580 d.
2550 3514 2629 3575 A.
2668 3508 2809 3579 V1⁶
2838 3532 2901 3595 p.
2939 3512 3087 3591 496,
3146 3510 3574 3588 Peter-sen,

915 3596 998 3658 de
1046 3594 1200 3657 hist.
1253 3598 1434 3673 gent.
1490 3593 1617 3653 Att.
1675 3610 1735 3673 p.
1784 3592 1888 3675 26,
1961 3595 2451 3678 Busoltius,
2506 3594 2625 3663 Gr.
2671 3596 2751 3661 G.
2806 3598 2832 3661 1
2878 3619 2941 3679 p.
2992 3598 3167 3680 565).
3256 3597 3385 3661 Sed
3437 3598 3581 3661 sive

914 3681 1039 3743 524
1085 3682 1230 3744 sive
1275 3677 1401 3740 528
1446 3674 1796 3741 Cimonem
1846 3680 2273 3747 interfectum
2324 3701 2473 3747 esse
2503 3684 2887 3763 statuimus,
2933 3683 3353 3749 Herodoti
3402 3685 3578 3747 testi·

915 3768 1216 3831 monium
1280 3781 1708 3847 nequaquam
1777 3784 1926 3829 cum
2001 3768 2129 3833 hac
2195 3771 2513 3853 opinione
2555 3776 2777 3853 potest
2820 3770 3191 3833 conciliari:
3231 3766 3318 3834 ‘O
3359 3774 3471 3853 μὲν
3513 3771 3582 3832 δὲ

913 3850 1960 4015 ’ἑῗέἵέἶέἕὲἕωὲῗζι·θ’ἷῖἱ’ἷω”πέᾤᾶ
1983 3855 2224 4004 {effi
2254 3851 2763 4005 {Zmint-⁹
2803 3854 3275 4005 ²2”‘’;“³’2“.·.<3;‚
3314 3874 3579 4005 ⁶25⁰?ss

2228 3970 2267 4005 α

912 4022 1306 4109 Χερσονῆσῳ,
1353 4018 1384 4086 ὃ
1430 4023 1498 4085 δὲ
1539 4020 1826 4106 νεώτερος
1874 3962 2044 4113 'grae'
2074 4006 2269 4117 ‘abrq‘i
2304 3968 2577 4109 Q⁶Klpmm
2651 3966 3115 4116 ἐνῃἎιθξένηᾳίῐι.μ
3137 4006 3149 4023 “
3190 4030 3246 4089 D
3268 3965 3582 4091 snokeq

911 4130 1062 4174 rus
1136 4110 1406 4193 quidem
1483 4108 1568 4171 de
1636 4112 1902 4191 proprio
1973 4114 2161 4177 verbi
2234 4113 2601 4197 τρεφόμενος
2674 4132 2872 4177 sensu
2923 4096 3221 4197 a‘mbigit,
3296 4114 3578 4177 Peter·

910 4198 1202 4260 senius
1273 4196 1651 4278 praesentis
1728 4200 2047 4277 temporis
2114 4201 2248 4263 vim
2298 4219 2429 4263 non
2479 4216 2630 4262 esse
2677 4200 3049 4279 urgendum
3098 4201 3350 4264 statuit.
3446 4198 3577 4262 Sed

909 4282 1234 4346 rimandis
1279 4280 1524 4345 talibus
1568 4283 1845 4360 argutiis
1895 4284 2002 4348 hic
2050 4286 2182 4350 iam
2235 4288 2511 4349 minime
2576 4290 2793 4367 potest
2836 4284 3139 4349 absolvi·
3218 4285 3434 4349 Aliam
3483 4287 3579 4347 in-

911 4386 1181 4449 gressus
1229 4374 1332 4431 est
1380 4368 1558 4429 viam
1605 4366 2031 4451 Ungerus,
2113 4375 2225 4455 qui
2304 4373 2388 4435 de
2454 4370 2752 4435 Miltiade
2818 4373 3003 4437 inicit
3064 4372 3253 4435 haec:
3350 4372 3581 4449 ,Diese

909 4454 1168 4518 Wnrde
1217 4454 1446 4516 hatten
1495 4455 1630 4515 ihm
1682 4452 1789 4516 die
1837 4454 2336 4536 Pisistratiden,
2387 4458 2643 4520 welche
2688 4458 2895 4523 durch
2946 4458 3315 4521 besondere
3342 4457 3581 4521 Gnade

909 4559 1124 4623 gegen
1196 4538 1307 4603 ihu
1381 4540 1507 4602 den
1558 4539 1895 4604 Verdacht
1953 4544 2071 4607 des
2120 4544 2389 4609 Mordes
2435 4562 2564 4606 von
2614 4544 2753 4606 sich
2802 4544 3221 4607 abzulenken
3270 4545 3575 4625 suchten,

914 4627 1102 4710 (Her.
1155 4626 1268 4707 V1‚
1321 4625 1436 4706 39)
1483 4626 1925 4691 vermuthlich
1975 4631 2365 4710 verschafft,
2444 4629 2679 4693 sobald
2731 4647 2803 4693 er
2850 4632 2992 4693 das
3038 4628 3579 4709 gesetzliche

913 4712 1154 4777 Alter
1217 4730 1374 4777 von
1426 4713 1518 4773 20
1561 4710 1890 4777 Jabren
1963 4717 2249 4781 erreicht
2319 4716 2550 4779 hatte.‘
2641 4714 3091 4798 Typothetam
3151 4733 3348 4799 quem
3400 4714 3581 4779 volui

911 4817 1233 4863 accusare
1305 4798 1665 4882 prohibeor
1710 4800 2217 4882 insequentibus
2278 4804 2533 4867 verbis:
2620 4801 2767 4881 ,Bei
2838 4802 2956 4864 der
3031 4802 3089 4864 M
3120 4801 3579 4866 arathon-

910 4885 1301 4950 schlacht
1347 4882 1610 4947 zaehlte
1645 4902 1740 4965 er,
1792 4905 1987 4951 wenn
2023 4888 2210 4952 disse
2238 4888 2706 4965 Vermuthung
2736 4888 3005 4967 zutrifl't,
3043 4888 3293 4950 53-54
3325 4888 3583 4952 Jahre.‘

915 4970 1149 5041 Nodus
1196 4990 1312 5056 per
1353 4972 1679 5052 ambages
1727 4976 1794 5036 et
1838 4976 2177 5057 captiones
2216 4976 2491 5040 omnino
2520 4972 2691 5036 solvi
2725 4970 2981 5058 nequit,
3016 4974 3134 5038 sed
3168 4974 3578 5039 resecandus
