4057 5790
1561 573 2125 644 -123—

507 809 718 885 istam
777 831 868 884 ex
909 809 1382 886 Herodoto
1435 811 1593 904 ipso
1637 805 2193 904 exscripsisse.¹)
2282 808 2437 884 Nec
2476 814 2811 885 maiorem
2851 811 3079 884 Kirc
3105 809 3180 884 h-

504 947 776 1031 hoffii
829 951 1194 1024 sententia
1235 949 1454 1023 habet
1479 949 2059 1042 probabilitatem
2095 951 2770 1041 (Entstehungszeit
2807 950 2876 1023 d.
2906 947 3177 1022 Herod.

504 1085 1008 1162 Geschichtsw.
1039 1110 1107 1180 p.
1143 1085 1294 1186 31).
1392 1087 1580 1161 Mihi
1625 1089 1910 1180 quidem
1963 1091 2129 1182 ipsa
2175 1089 2305 1166 hac
2358 1089 2763 1162 differentia
2808 1093 3179 1179 quantum·-

502 1227 608 1299 vis
663 1227 927 1321 pusilla
979 1229 1152 1300 satis
1207 1233 1446 1300 tamen
1505 1229 1823 1303 videmur
1894 1228 2206 1320 edoceri,
2276 1228 2717 1312 Xanthum
2796 1249 2835 1299 e
2890 1219 3179 1317 puriore

502 1362 696 1437 fonte
775 1365 1154 1458 delibasse,
1236 1385 1390 1440 cum
1467 1368 1558 1438 ad
1605 1365 2145 1438 Herodotum
2215 1365 2353 1437 iam
2424 1365 2795 1439 obscurior
2866 1362 3181 1435 eiusdem

501 1503 774 1576 oraculi
822 1506 1163 1578 memoria
1217 1505 1653 1597 pervenerit,
1707 1525 1912 1594 quam
1969 1505 2111 1596 pie,
2168 1508 2248 1576 ut
2303 1503 2606 1596 adsolet,
2663 1501 2983 1577 exhibuit
3030 1498 3179 1571 ille.

706 1640 1048 1717 Sufficere
1139 1643 1312 1718 haec
1387 1645 1641 1736 opinor
1717 1643 1808 1716 ad
1887 1643 2315 1716 reiciendam
2398 1663 2643 1715 eorum
2722 1639 3178 1729 sententiam,

499 1781 620 1871 qui
675 1801 763 1854 ex
815 1781 1158 1856 oraculi
1206 1783 1402 1854 illius
1455 1781 1694 1862 verbis
1747 1777 2000 1854 Croesi
2048 1781 2533 1871 legationis
2585 1786 2941 1870 tempus
3016 1775 3183 1849 defi-

499 1920 654 1992 nire
709 1920 1112 1994 voluerunt.
1219 1918 1352 1994 Un
1375 1922 1565 2012 geri
1623 1921 1845 2011 igitur
1905 1921 2431 2010 argumentatio
2496 1919 2569 1992 in
2629 1924 3002 2006 utramque
3060 1935 3181 1987 va·

497 2057 694 2131 cillat
745 2065 1059 2150 partem:
1127 2065 1208 2132 ut
1263 2060 1350 2131 de
1405 2059 1824 2162 ipso‘annO,
1878 2079 2020 2149 quo
2082 2057 2197 2134 Sa
2227 2081 2263 2130 r
2294 2059 2337 2131 d
2367 2080 2404 2131 e
2435 2081 2469 2131 s
2522 2060 2965 2152 expugnatae
3008 2053 3179 2126 sint,

497 2188 940 2288 nequaquam
997 2205 1300 2292 constat,
1351 2199 1454 2270 ita
1506 2199 1620 2270 vel
1677 2195 1982 2271 Croesi
2036 2198 2625 2290 consultatio,
2680 2199 2946 2287 quanto
3000 2193 3172 2266 ceci·

499 2333 688 2406 derit
742 2340 908 2408 ante
968 2337 1181 2408 istum
1239 2337 1648 2428 terminum,
1702 2338 2055 2411 incertum
2094 2345 2168 2412 et
2207 2339 2467 2430 ipsum,
2516 2340 2836 2409 accurate
2874 2330 3187 2406 describi

495 2473 779 2547 omnino
825 2477 1094 2565 nequit.
1205 2455 1593 2549 Redundat
1663 2477 1886 2568 igitur
1950 2477 2113 2550 hinc
2180 2475 2271 2548 ad
2326 2473 2812 2547 Pisistrati
2893 2491 3008 2543 res
3087 2467 3176 2540 ab

491 2608 864 2685 Herodoto
919 2610 1008 2710 (I,
1045 2610 1174 2711 59)
1232 2621 1606 2688 enarratas
1659 2637 1950 2710 prorsus
2007 2615 2212 2687 nihil.

700 2750 1092 2825 Praeterea
1143 2759 1379 2827 autem
1430 2755 1541 2827 vel
1598 2776 1813 2827 unum
1866 2754 1980 2828 hic
2015 2754 2606 2830 commonendum
2643 2751 2947 2823 videtur.
3034 2743 3179 2820 No-

495 2888 731 2982 limus,
789 2912 1081 2981 quaese,
1139 2893 1547 2985 neglegere,
1607 2895 1866 2986 quales
1921 2895 2210 2968 tandem
2242 2891 2508 2967 fuerint
2535 2893 2731 2987 ipsae
2768 2889 2963 2983 illae,
3001 2908 3181 2979 quas

497 3028 570 3100 in
628 3049 843 3120 opere
893 3052 1020 3103 suo
1088 3032 1600 3105 conscribendo
1655 3038 1942 3107 secutus
2009 3042 2121 3106 est
2172 3031 2713 3123 HerodotuS,
2778 3034 3177 3119 temporum

495 3167 838 3241 rationes..
929 3170 1334 3243 Herodotus
1386 3170 1452 3265 I,
1511 3174 1610 3244 56
1661 3172 1996 3265 perhibet
2042 3170 2426 3262 Croesum,
2476 3174 2855 3259 antequam
2901 3166 3169 3239 bellum

497 3322 648 3377 cum
704 3303 892 3401 Cyro
953 3308 1331 3404 inciperet,
1411 3309 1738 3403 Delphos
1820 3313 2097 3384 misisse
2172 3310 2595 3400 consultum,
2678 3326 3020 3398 quosnam
3082 3324 3170 3375 ex

501 3442 796 3519 Graecis
826 3446 1052 3521 socios
1100 3448 1236 3521 sibi
1292 3454 1770 3540 compararet:
1829 3445 1996 3540 μετὰ
2048 3445 2123 3516 δὲ
2175 3449 2391 3516 ταῦτα
2442 3441 2781 3540 ἐφρόντιζε
2831 3439 3167 3537 ἱστορέων,

498 3578 650 3657 τοὺς
705 3580 784 3651 ἂν
820 3573 1175 3681 Ἑλλήνων
1224 3584 1722 3659 δυνατωτάτους
1759 3582 1991 3675 ἐόντας
2026 3582 2513 3679 προσκτήσαιτο
2558 3578 2815 3677 φίλους·
2858 3578 3169 3675 ἱστορέων

501 3716 576 3789 δὲ
632 3718 886 3818 εὕρισκε
931 3716 1495 3816 Λακεδαιμονίους
1544 3721 1656 3792 καὶ
1713 3714 2129 3817 Ἀθηναίους
2180 3718 2624 3816 προέχοντας,
2678 3715 2830 3792 τοὺς
2881 3713 3001 3809 μὲν
3054 3719 3170 3785 τοῦ

499 3852 794 3956 Δωρικοῦ
847 3858 1093 3954 γένεος,
1149 3856 1300 3937 τοὺς
1354 3857 1429 3928 δὲ
1473 3864 1587 3929 τοῦ
1620 3850 1938 3929 Ἰωνικοῦ.
2045 3856 2294 3947 Pergit
2330 3877 2387 3930 c.
2448 3858 2581 3928 59:
2634 3824 2903 3925 Τούτων
2952 3852 3027 3924 δὲ
3076 3855 3171 3924 ὦν

497 4005 630 4066 τῶν
685 3994 936 4067 ἐθνέων
991 3996 1066 4068 τὸ
1121 3996 1240 4091 μὲν
1299 3992 1596 4069 Ἀττικὸν
1661 3997 2105 4092 κατεχόμενόν
2149 4020 2225 4066 τε
2272 3996 2383 4067 καὶ
2436 3993 2915 4087 διεσπασμένον
2968 3992 3170 4062 ἐπυν-

500 4130 740 4204 θάνετο
813 4134 850 4203 ὗ
903 4128 1190 4232 Κροῖσος
1275 4135 1403 4206 ὑπὸ
1480 4130 1942 4231 Πεισιστράτου
2019 4140 2135 4205 τοῦ
2192 4126 2687 4230 Ἱπποκράτεος,
2755 4136 2981 4202 τοῦτον
3060 4130 3170 4200 τὸν

500 4272 738 4369 χρόνον
791 4273 1296 4369 τυραννεύοντος
1343 4268 1757 4369 Ἀθηναίων.
1864 4274 2344 4347 Intercalatur
2396 4270 2649 4343 deinde
2706 4291 2901 4342 more
2945 4268 3169 4341 Hero·

721 4614 790 4699 1)
839 4614 1406 4695 Schubertus,
1457 4613 1862 4679 Gesehiehte
1907 4613 2027 4678 der
2070 4613 2375 4697 Koenige
2421 4633 2552 4677 von
2602 4612 2857 4696 Lydien
2906 4634 2970 4695 p.
3020 4612 3170 4676 121.

511 4700 750 4786 Neque
797 4702 1000 4766 etiarn
1049 4700 1336 4766 Heilio
1383 4699 1870 4785 (Logographis
1915 4701 2033 4784 qui
2076 4700 2385 4764 dicuntur
2416 4720 2577 4764 num
2604 4699 2983 4765 Herodotus
3016 4718 3177 4763 usus

514 4807 662 4853 esse
707 4788 1040 4853 videatur.
1135 4785 1395 4869 Marbg.
1447 4786 1638 4850 1884.
1689 4807 1754 4872 p.
1808 4788 1922 4866 16)
1983 4786 2304 4851 adsentiri
2347 4806 2645 4869 possum,
2696 4789 2811 4870 qui
2854 4791 2927 4849 ut
2967 4785 3175 4851 Hero·
3240 4850 3249 4859 ,

516 4874 750 4940 dotum
794 4894 836 4940 a
877 4874 1165 4941 Nicolao
1211 4873 1643 4957 compilatum
1687 4892 1858 4954 esse,
1937 4876 2033 4937 ita
2105 4873 2394 4939 eundem
2467 4873 2671 4954 ,haud
2718 4872 2925 4937 dubie
2969 4877 3176 4936 totam

521 4962 696 5025 hane
739 4962 1194 5027 narrationem
1239 4960 1700 5027 sacerdotibus
1743 4960 2085 5044 Delphicis
2124 4960 2401 5027 debere‘
2444 4960 2577 5029 sibi
2619 4960 2975 5044 persuasit.
3164 4986 3171 4993 ·
