4057 5790
1999 553 2513 622 „22-

893 793 1208 867 Salamis
1282 794 1447 864 inde
1517 794 1606 865 ab
1661 793 2175 882 antiquissimis
2228 793 2670 886 temporibus
2746 793 2885 868 loci
2938 799 3198 864 natura
3244 791 3601 864 artissime

905 950 1062 1004 cum
1115 930 1332 1002 rebus
1382 931 1684 1002 nauticis
1729 937 1888 1002 erat
1938 951 2143 1002 nexa.
2250 929 2442 1020 Quid
2496 929 2685 1020 quod
2720 929 2813 1002 ab
2864 930 3021 1023 ipso
3047 926 3353 1002 Sciradii
3378 928 3598 1001 heroe

897 1089 1248 1160 epouymo
1282 1068 1708 1140 Theseum
1753 1067 1919 1140 olim
1959 1068 2480 1157 gubernatores
2556 1067 2939 1158 accepisse,
2998 1068 3208 1138 testis
3254 1071 3365 1137 est
3416 1062 3604 1136 Phi-

901 1202 1452 1295 lochorus?¹)
1505 1203 1692 1276 Hinc
1729 1206 1940 1276 etiam
1982 1211 2275 1276 vetustu
2300 1225 2368 1274 m
2414 1203 2645 1295 illum,
2698 1203 2819 1292 qui
2856 1203 2947 1274 ad
2983 1200 3381 1277 Sciradium
3420 1201 3601 1276 cele-

903 1339 1274 1431 brabatur,
1331 1363 1533 1414 usum
1587 1341 2094 1412 illustrandum
2144 1345 2348 1430 puto.
2452 1337 2759 1412 Postero
2794 1347 3143 1430 tempore,
3204 1357 3363 1410 cum
3404 1335 3602 1412 Sala·

903 1479 1038 1550 mis
1118 1477 1356 1550 insula
1416 1479 1556 1548 iam
1636 1478 1710 1548 in
1763 1477 2323 1549 Atheniensium
2375 1485 2798 1570 potestatem
2875 1485 3069 1548 esset
3132 1446 3446 1566 redacta,
3517 1484 3597 1546 ut

903 1617 1042 1706 ipsi
1095 1616 1420 1686 heroes
1473 1613 1880 1696 Salaminii,'
1929 1614 2035 1684 ita
2070 1615 2285 1686 etiam
2320 1635 2565 1686 eorum
2610 1615 3035 1686 solemnia
3082 1613 3173 1684 ab
3210 1613 3597 1686 Athenien·

903 1753 1102 1824 sibus
1157 1759 1444 1842 recepta
1497 1753 1768 1837 sunt.'-')
1855 1750 2203 1822 Cernitur
2248 1751 2380 1824 hoc
2439 1752 2554 1823 vel
2603 1753 2676 1822 in
2736 1773 2821 1822 ea
2858 1750 3361 1840 celebratione.
3412 1769 3591 1838 quae

905 1919 947 1930 -ο
1038 1924 1053 1928 -
1109 1923 1210 1928 ---

905 2003 1274 2078 πλεύσαντες
1316 2007 1386 2067 δὲ
1427 2010 1530 2066 καὶ
1575 2004 1677 2068 ἐπὶ
1722 2003 2011 2087 τρόπαιον
2068 2008 2203 2068 δυσὶ
2261 2007 2498 2080 πλοίοις
2560 2003 2793 2067 ἔθυσαν
2850 2009 2937 2090 τῷ
3003 2006 3105 2066 Διὶ
3166 2009 3252 2090 τῷ
3306 2005 3590 2088 Τροπαίῳ

905 2099 976 2152 et
1019 2089 1273 2153 ibidem
1333 2088 1492 2153 ⁴¹71:
1577 2090 1665 2163 ε’ίς
1713 2089 1796 2171 [τε
1835 2090 1942 2163 τὰς
1987 2093 2212 2164 θυσίας
2256 2089 2681 2172 παρεγένοντ]ο
2726 2095 2827 2150 καὶ
2872 2093 2948 2150 τὰ
2993 2086 3126 2171 ἱερὰ
3170 2095 3247 2151 τὰ
3289 2090 3445 2150 κατὰ
3489 2089 3592 2166 τὴν

899 2173 1128 2256 χώραν,
1193 2174 1258 2238 ἐν
1308 2175 1397 2250 οἶς
1441 2177 1746 2238 διετέλουν
1811 2175 2065 2260 θύοντες
2106 2184 2208 2237 καὶ
2254 2178 2706 2258 καλλιεροῦντες
2748 2171 2895 2256 ὅπερ
2939 2178 3045 2236 τοῦ
3088 2173 3300 2255 δήμου·
3342 2171 3593 2254 πα[ρ]α-

903 2259 1212 2341 γενόμενοι
1278 2259 1474 2341 δὲ[ἐπὶ
1539 2263 1610 2324 τὸ
1633 2304 1826 2323 .....
1849 2261 2310 2343 πολυ]ανδ”ρεῖον
2375 2259 2803 2341 ἐστεφάνωσάν
2867 2283 2933 2322 τε
2998 2264 3101 2320 καὶ
3146 2259 3423 2341 ἓνήγισαν
3464 2269 3593 2330 τοῖς

899 2347 1056 2406 κατὰ
1113 2346 1380 2427 πόλεμον
1422 2345 1844 2425 τελευτήσασιν
1898 2342 2095 2429 immo
2151 2350 2253 2425 τῆς
2304 2345 2657 2426 ἐλευθερίας
2702 2391 2719 2408 .
2762 2391 2779 2408 .
2830 2391 2849 2408 .
2904 2343 3277 2408 ἀνέπλευσαν
3332 2343 3424 2426 Ab}
3466 2343 3585 2426 καὶ]

895 2429 998 2493 ἐπὶ
1050 2430 1358 2513 Τρόπαιον
1398 2437 1502 2493 καὶ
1545 2429 1781 2494 ἔθυσαν
1822 2435 1910 2519 τῷ
1953 2435 2073 2494 Ace·
2101 2435 2188 2519 τῷ
2244 2427 2605 2517 Τρο[πα]ίῳ.

1110 2517 1180 2593 1)
1268 2515 1442 2579 Plut.
1497 2515 1702 2579 Thes.
1755 2517 1878 2580 17:
1983 2515 2321 2602 Φιλόχορος
2366 2517 2435 2578 δὲ
2482 2518 2652 2599 παρὰ
2696 2517 2981 2602 Σκίρου
3044 2519 3225 2596 φησὶν
3279 2513 3344 2576 ἐκ
3389 2513 3594 2577 Σαλα-

902 2611 1072 2682 μῖνος
1135 2604 1240 2664 τὸν
1313 2603 1523 2679 Θησέα
1581 2605 1788 2682 λαβεῖν
1849 2601 2206 2684 κυβερνήτην
2256 2608 2367 2684 μὲν
2422 2603 2809 2679 Ναυσίθοον,
2865 2605 3115 2685 πρωρέα
3181 2601 3249 2662 δὲ
3321 2600 3587 2672 Φαίακα,

899 2687 1152 2766 μηδέπω
1191 2685 1332 2750 τότε
1373 2692 1494 2750 τῶν
1527 2686 1872 2765 Ἀθηναίων
1913 2684 2336 2770 προσεχόντων
2397 2690 2463 2778 τῇ
2489 2676 2810 2776 Χθαλάσσῃ.
2906 2687 3145 2768 Neque
3192 2684 3592 2750 obliviscen-

908 2771 1093 2854 dum,
1145 2774 1214 2834 in
1263 2771 1498 2836 fabula
1533 2771 1903 2838 Salaminia
1944 2791 2067 2855 pro
2099 2773 2265 2836 Sciri
2314 2781 2504 2854 patre
2536 2772 2769 2836 heberi
2804 2771 3218 2854 Neptunum.
3282 2767 3584 2850 Curtii.

907 2857 1551 2941 Wachsmuthii,
1631 2858 2044 2941 Lollingii
2114 2857 2401 2923 aliorum
2470 2858 2843 2941 opiniones,
2923 2859 3039 2941 qni
3106 2857 3588 2939 antiquissimis

907 2946 1325 3025 temporibus
1374 2962 1528 3008 cum
1571 2945 1802 3009 multis
1845 2952 2063 3007 terrae
2110 2947 2375 3008 Atticae
2419 2943 2607 3023 locis,
2678 2950 2819 3007 tum
2866 2944 3297 3009 Salamine
3355 2946 3423 3005 in
3491 2944 3583 3005 in-

910 3030 1060 3092 sula
1105 3031 1390 3113 populos
1438 3034 1944 3112 transmarinos,
1997 3048 2165 3112 quos
2214 3048 2333 3113 pro
2359 3031 2808 3094 Phoenicibus
2854 3030 3109 3093 ducunt
3148 3028 3247 3091 illi
3288 3028 3591 3111 quidem,

907 3115 1103 3179 sedes
1149 3116 1468 3179 habuisse
1491 3119 1906 3195 existimant,
1943 3119 2089 3179 iure
2118 3115 2588 3179 Wilamowi
2611 3118 2831 3179 tzius
2864 3117 3276 3199 oppugnavit
3297 3109 3584 3197 Ky'dath.

905 3218 975 3282 p.
1027 3202 1180 3263 1⁴2.
1276 3202 1408 3265 Sed
1457 3219 1633 3284 quae
1679 3202 2025 3283 praeclare
2075 3203 2161 3265 de
2205 3208 2429 3265 terrae
2462 3202 2723 3265 Atticae
2765 3201 3009 3265 incolis
3052 3202 3404 3285 praedicat
3448 3202 3588 3263 hic:

905 3286 1070 3369 ‚Ein
1117 3287 1590 3351 ackerbauend
1641 3286 2043 3351 Geschlecht
2089 3289 2321 3351 wohnt
2364 3306 2481 3351 um
2526 3288 2827 3350 Athenas
2868 3288 3045 3366 Fcis,
3102 3306 3225 3351 aus
3270 3287 3389 3349 der
3412 3286 3592 3350 Erde

907 3378 1186 3435 stammt
1257 3391 1368 3454 es,
1450 3381 1780 3436 stammen
1857 3376 2047 3437 seine
2122 3374 2460 3453 Koenige3
2541 3373 2662 3435 der
2740 3372 2922 3436 Sohn
3000 3374 3121 3437 der
3194 3373 3393 3451 Erde,
3472 3373 3591 3435 der

903 3458 1170 3540 Wurm,
1221 3461 1311 3522 ist
1355 3461 1578 3523 seines
1625 3460 1896 3523 Urahns
1943 3458 2244 3541 Symbol'
2306 3459 2583 3540 perinde
2649 3457 2877 3521 valent
2921 3460 3009 3522 de
3054 3458 3583 3523 Salaminiis.

854 3542 1466 3609 ·Erichthonio
1515 3546 1911 3608 Atheniensi
1977 3544 2402 3625 Cychreus
2470 3544 2673 3627 plane
2734 3546 3097 3627 respondet
3154 3545 3579 3608 Salaminiae.

908 3629 1050 3693 Nec
1115 3650 1250 3693 non
1299 3632 1751 3695 Minervae
1817 3630 2152 3695 Seiradi
2234 3650 2387 3693 cum
2432 3630 2885 3695 Phoenicibus
2944 3631 3115 3694 ullas
3172 3631 3587 3695 intercedere

901 3716 1200 3779 rationes
1268 3718 1445 3779 iusto
1510 3718 1656 3779 iure
1726 3718 1996 3796 negavit
2064 3717 2497 3781 Robertus
2542 3716 2777 3781 Herm.
2844 3716 2979 3779 XX
3022 3737 3087 3800 p.
3148 3717 3298 3779 353.
3394 3714 3587 3798 Quae

905 3800 1348 3883 Adolphus
1397 3803 1778 3867 Holmius
1825 3802 2127 3880 (Griech.
2167 3802 2410 3865 Gesch.
2466 3802 2494 3865 Ι
2542 3822 2606 3883 p.
2643 3802 2802 3880 118)
2848 3810 3086 3866 contra
3130 3803 3303 3866 hanc
3332 3804 3585 3884 opinio-

901 3904 1058 3950 nem
1103 3890 1490 3970 nuperrime
1535 3888 1810 3971 protulit
1853 3887 2219 3951 admodum
2285 3888 2547 3951 lubrica
2590 3896 2771 3951 sunt.
2820 3922 2908 3935 -
2951 3888 3577 3968 Philochorum,

898 3974 1015 4054 qni
1060 3973 1410 4055 Σαλαμῖνος
1471 3978 1666 4037 κτίσιν
1721 3976 2144 4057 conscripsit,
2194 3977 2261 4036 in
2300 3974 2495 4037 huius
2540 3973 2805 4037 insulae
2836 3994 2943 4037 res
2990 3976 3358 4037 veteriores
3390 3993 3581 4038 accu-

901 4060 1236 4121 ratissime
1281 4060 1714 4141 inquisivisse
1759 4060 2003 4140 quibus
2050 4062 2346 4123 cernitur
2391 4059 2499 4123 vel
2546 4058 2683 4123 alia
2726 4066 2994 4123 exstant
3040 4060 3342 4141 vestigia.

1104 4145 1178 4222 2)
1267 4145 1368 4208 Ita
1410 4146 1698 4208 Scirus
1755 4148 1822 4207 in
1887 4164 2119 4209 eorum
2182 4146 2431 4209 fabulis
2488 4152 2677 4210 vates
2738 4148 2955 4211 factus
3018 4154 3121 4211 est
3167 4146 3576 4225 Eleusinius‚

902 4230 1014 4311 qui
1082 4230 1292 4312 impie
1356 4233 1441 4293 ab
1491 4232 2014 4295 Atheniensibus
2064 4233 2479 4312 interfectus,
2556 4231 2847 4297 honores
2915 4238 3150 4315 postea
3218 4232 3397 4314 apud
3464 4250 3579 4295 eos

902 4318 1338 4397 consequitur
1407 4318 1674 4379 divinos
1767 4316 2377 4393 (Philochorus
2462 4318 2643 4400 apud
2711 4318 3031 4401 Harpocr.
3093 4340 3151 4382 s.
3202 4338 3269 4380 ν.
3339 4318 3579 4398 Σκῖρον.

898 4401 1133 4464 Pane.
1205 4402 1261 4463 I.
1307 4402 1415 4481 36,
1497 4404 1592 4481 4).
1693 4404 1972 4466 Prorsus
2051 4405 2293 4467 eadem
2362 4422 2509 4467 sors
2581 4406 2869 4483 contigit
2942 4404 3061 4467 alii
3136 4406 3324 4469 heroi
3401 4404 3581 4466 Sala-

899 4487 1108 4549 minio
1183 4484 1406 4567 Cyeh
1427 4506 1601 4569 reo,
1681 4506 1882 4571 quem
1960 4509 2001 4552 a
2060 4489 2309 4552 Cerere
2356 4489 2421 4551 in
2474 4490 2799 4571 templum
2856 4498 3203 4574 receptum
3262 4490 3579 4569 cultuque

901 4570 1249 4637 Eleusinio
1295 4572 1626 4637 imbutum
1697 4575 1948 4652 (Strab.
2001 4596 2068 4657 p.
2117 4575 2276 4649 393)
2344 4594 2478 4637 non
2526 4579 2748 4639 minus
2796 4583 3064 4657 postero
3108 4582 3411 4657 tempore
3449 4577 3576 4638 sibi

897 4656 1242 4720 vindicant
1304 4660 1750 4725 Athenienses
1831 4658 2031 4744 (Plut.
2080 4662 2280 4725 Thes.
2332 4662 2447 4723 10:
2522 4667 2627 4725 καὶ
2664 4663 2909 4744 Κυχρέα
2955 4665 3134 4745 τιμὰς
3178 4666 3347 4726 θεῶν
3412 4660 3578 4741 ἔχειν

886 4740 1198 4821 Ἀθήνησι
1241 4746 1344 4807 τὸν
1387 4744 1808 4827 Σαλαμίνιον).
1901 4748 2088 4811 Haec
2146 4748 2214 4809 in
2262 4754 2526 4811 remota
2574 4756 2880 4829 tempora
2923 4749 3253 4813 incidunt.
3346 4746 3573 4809 Ratio·

900 4847 1042 4907 nee,
1114 4846 1290 4911 qnae
1359 4831 1779 4912 Eurysaci
1826 4839 1891 4895 et
1939 4830 2281 4897 Philaeo
2330 4852 2482 4895 cum
2535 4833 3055 4896 Atheniensibus
3122 4833 3569 4911 intercedunt,

901 4914 1033 4976 iam
1061 4936 1211 4979 cum
1239 4918 1387 4997 ipsa
1410 4916 1770 4981 Salaminis
1809 4921 2362 5001 occupatione
2400 4918 2784 4983 cohaerent.
2850 4918 3109 4985 Eodem
3146 4926 3371 4983 autem
3411 4927 3573 4982 tem·
