4057 5790
1510 581 2024 650 ...11-

437 819 688 894 simum
768 823 1022 892 testem
1087 817 1646 912 Aeschylum
1715 791 1907 893 idem
1973 821 2237 895 excitat
2291 819 2779 914 Apollodorus
2831 816 3103 916 (Strab.

434 978 522 1053 p.
580 953 789 1055 393):
872 952 1014 1052 ἔχει
1083 948 1134 1028 δ’
1217 957 1566 1050 ὁμώνυμον
1633 955 1822 1027 πόλιν
1875 958 1995 1056 τὴν
2060 955 2179 1052 μὲν
2252 957 2543 1056 ἀρχαίαν
2620 940 2869 1056 ἔρημόν
2940 958 3106 1056 πρὸς

437 1089 706 1190 Αἴγιναν
751 1094 1214 1193 τετραμμένην
1267 1094 1378 1165 καὶ
1433 1092 1600 1192 πρὸς
1647 1096 1830 1165 νότον
1901 1091 2235 1194 (καθάπερ
2288 1095 2398 1167 καὶ
2450 1091 2851 1192 Αἰσχύλος
2916 1096 3105 1194 εἴρη-

431 1256 563 1304 κεν·
621 1227 878 1329 ,Αἴγινα
911 1234 1126 1332 ταύτῃ
1166 1233 1333 1332 πρὸς
1383 1235 1574 1304 νότου
1627 1238 1836 1305 κεῖται
1877 1233 2157 1333 πνοάέ).
2206 1233 2249 1333 ¹)
2304 1235 2386 1308 In
2441 1237 2597 1331 ipso
2650 1236 2781 1310 hoc
2829 1236 3105 1309 insulae

435 1371 574 1446 fine
630 1373 1086 1463 antiquarum
1142 1373 1660 1465 parietinarum
1695 1371 2048 1463 reliquias
2104 1372 2470 1465 indagavit
2520 1373 3104 1446 Dodwellius
3146 1470 3154 1480 .

437 1503 656 1606 (Tour
733 1511 808 1583 in
873 1509 1143 1585 Greece
1219 1509 1254 1582 I
1308 1533 1377 1604 p.
1430 1507 1626 1608 576).
1733 1509 1932 1583 Fieri
2002 1516 2267 1605 potest,
2349 1518 2431 1586 ut
2507 1513 2665 1604 ipso
2744 1513 2876 1585 hoc
2948 1513 3104 1586 loco

437 1653 722 1722 vetusta
777 1648 905 1722 illa
957 1649 1128 1723 urbs
1182 1648 1401 1722 fuerit
1453 1647 1612 1722 sita.
1698 1739 1714 1756 ο

639 1783 745 1860 At
781 1787 1301 1881 Apollodori
1332 1787 1772 1880 temporibus
1808 1789 1949 1862 iam
1987 1793 2375 1862 evanuerat
2409 1787 2852 1878 illaquidem:
2910 1791 3105 1861 testi·

438 1925 691 2000 ficatur
747 1897 830 1998 'is
911 1927 1066 2019 ipse
1135 1927 1210 1999 in
1279 1926 1615 2000 orientali
1671 1925 1952 2000 insulae
2005 1931 2209 2022 parte
2262 1932 2555 2020 propter
2608 1926 2837 2000 sinum
2894 1949 3109 2017 quen·

443 2063 627 2158 dam,
707 2064 796 2137 ad
873 2066 1179 2140 Atticam
1269 2058 1709 2160 conversum,
1789 2071 2079 2160 postero
2146 2070 2465 2158 tempore
2537 2082 2787 2140 novam
2860 2066 3109 2140 urbem

443 2207 868 2277 exstructam
915 2224 1114 2277 esse:
1168 2203 1290 2308 τὴν
1337 2201 1413 2274 δὲ
1463 2207 1574 2274 νῦν
1627 2201 1696 2274 ἐν
1729 2201 1960 2301 κόλπῳ
2015 2203 2318 2300 κειμένην
2369 2201 2479 2274 ἐπὶ
2524 2204 3110 2302 χερῤονησοειδοῦς

440 2341 646 2414 τόπου
699 2342 1139 2420 συνάπτοντος
1190 2342 1358 2441 πρὸς
1407 2343 1529 2441 τὴν
1575 2335 1882 2440 Ἀττικήν
1937 2337 2205 2440 (Strab.
2262 2365 2333 2435 p.
2392 2340 2592 2441 393).
2679 2343 2873 2416 Dum
2913 2343 3108 2418 Sala·

442 2482 576 2554 mis
622 2500 778 2555 cum
821 2479 1104 2574 Aegina
1151 2482 1388 2556 insula
1425 2482 1968 2557 necessitudinis
2009 2481 2290 2556 vinculo
2336 2486 2486 2554 arte
2522 2485 2678 2558 erat
2713 2484 3113 2578 coniuncta,

442 2623 803 2711 antiquam
866 2621 1063 2694 illam
1143 2621 1389 2695 urbem
1470 2621 1542 2693 in
1626 2619 2020 2693 meridiano
2092 2620 2371 2692 insulae
2439 2621 2580 2693 fine
2634 2623 3109 2713 permansisse

443 2764 996 2833 consentaneum
1079 2765 1212 2833 cst.
1317 2757 1788 2851 Megarenses
1863 2763 2124 2852 autem,
2205 2779 2379 2849 quos
2460 2759 2828 2850 postmodo
2877 2761 3114 2834 insula

445 2999 804 3067 Ambelaki
855 3000 990 3065 und
1061 3000 1182 3065 auf
1238 2999 1358 3065 der
1403 2998 2069 3064 Windmuhlenhohe
2128 2997 2379 3080 liegen‘
2428 3001 2522 3081 (p.
2576 2998 2669 3081 9).
2766 3000 2894 3064 Sed
2966 3002 3109 3065 eius

443 3086 1018 3152 ratiocinationem
1087 3088 1375 3171 probare
1433 3104 1721 3170 nequeo,
1792 3087 2110 3169 quoniam
2176 3085 2383 3150 verba
2436 3084 2552 3150 illa
2608 3091 2747 3170 περὶ
2792 3088 3111 3170 Σαλαμῖνα

446 3172 684 3237 eodem
717 3175 864 3237 iure
894 3174 978 3238 ad
1014 3173 1366 3237 insulam
1401 3179 1681 3257 possunt
1709 3174 1966 3237 referri.
2017 3170 2132 3253 (cf.
2171 3172 2261 3237 St.
2295 3172 2367 3237 B.
2401 3191 2454 3239 s.
2494 3193 2559 3243 v.
2612 3170 2888 3237 Φλάνων·
2933 3174 3112 3251 πόλις

442 3264 543 3324 καὶ
587 3262 766 3343 λιμὴν
808 3266 952 3344 περὶ
996 3262 1101 3340 τὴν
1129 3257 1446 3347 ’Ἄψυρτον
1485 3263 1683 3339 νῆσον.
1753 3261 1818 3323 Σ
1821 3261 1951 3342 ογδ
1958 3257 2138 3338 ιανὴ·
2178 3262 2401 3345 χωρίον
2441 3264 2583 3346 περὶ
2610 3261 2715 3339 τὴν
2742 3259 3103 3346 Βακτρικὴν.

449 3348 788 3430 Φιλωτέρα·
831 3346 1008 3423 πόλις
1035 3350 1178 3430 περὶ
1205 3348 1310 3426 τὴν
1345 3344 1872 3430 Τρωγλοδυτικῆν.)
1914 3346 2090 3410 Hinc·
2121 3346 2321 3426 igitur
2356 3345 2436 3411 ad
2472 3346 2600 3409 loci
2624 3347 2827 3410 situm
2862 3347 3104 3411 redun-

444 3432 562 3497 dat
591 3431 778 3497 nihil.
833 3432 975 3498 Nec
1007 3433 1220 3516 magis
1253 3433 1302 3497 P
1328 3434 1740 3499 ausaniae
1783 3432 1991 3497 verba
2037 3431 2123 3496 ad
2155 3433 2381 3497 locum
2424 3432 2610 3497 illum
2647 3433 3099 3498 determinan-

443 3519 602 3583 dum
669 3517 874 3583 ullam
944 3519 1270 3603 praebent
1334 3536 1566 3583 ansam
1631 3518 1710 3599 (Ι.
1778 3518 1887 3600 36,
1924 3518 2019 3599 1).
2125 3517 2460 3603 Quocirca
2503 3539 2665 3584 num
2733 3519 3103 3605 Lollingius

443 3606 764 3687 effecerit,
817 3606 994 3689 quod
1040 3606 1378 3690 promisit,
1428 3606 1691 3671 dubito:
1758 3605 1826 3686 ,d
1849 3622 1930 3669 er
1975 3604 2401 3671 Nachweis
2445 3606 2584 3671 der
2638 3624 3099 3689 genaueren

439 3692 663 3776 Lago
719 3691 839 3757 des
880 3692 1158 3776 Hegels,
1209 3711 1297 3759 an
1344 3692 1473 3758 den
1521 3692 1662 3757 sich
1709 3691 1830 3756 der
1876 3689 2031 3756 Cult
2071 3692 2188 3756 des
2232 3692 2417 3757 alten
2462 3694 2880 3776 mythiscben
2929 3696 3099 3759 Lan·

439 3778 806 3862 deskdnigs
850 3779 1158 3863 knnpfte,
1209 3778 1376 3845 wird
1427 3798 1551 3843 uns
1597 3776 1852 3857 lehren,
1900 3780 2028 3842 wie
2076 3779 2234 3843 weit
2278 3779 2385 3843 die
2432 3778 2543 3843 bei
2588 3779 2874 3844 Strabon
2925 3800 2989 3845 a.
3040 3802 3099 3845 a.

439 3863 522 3931 Ο.
569 3864 1004 3949 vox-liegende
1047 3865 1244 3931 Notiz
1285 3867 1456 3931 uber
1519 3865 1631 3931 die
1682 3864 2073 3949 Verlegung
2142 3864 2261 3930 des
2306 3866 2713 3949 Hauptortes
2760 3867 2878 3931 der
2922 3868 3099 3932 Insel

436 3952 680 4033 richtig
722 3952 866 4017 ist.‘
956 3953 1174 4018 Satius
1217 3954 1286 4017 in
1335 3954 1463 4016 hac
1505 3971 1580 4017 re
1629 3953 1757 4017 erit
1801 3957 1982 4017 stare
2033 3953 2369 4037 expressis
2413 3972 2563 4017 cum
2613 3952 3099 4036 Apollodori

439 4044 581 4104 tum
630 4039 1049 4121 Aeschyli
1096 4038 1516 4103 testimoniis·
1610 4038 1847 4121 Neque
1893 4038 2116 4118 video,
2166 4059 2283 4103 eur
2328 4040 2601 4104 omnino
2635 4040 2807 4103 inter
2852 4058 3098 4105 novam

438 4134 507 4190 et
549 4126 896 4209 antiquam
944 4126 1184 4191 urbem
1231 4125 1662 4190 distinxerint
1695 4127 2075 4209 scriptores,
2114 4126 2242 4189 nisi
2274 4126 2638 4209 aliquando
2671 4127 2899 4210 oppidi
2931 4129 3098 4193 situs

435 4213 635 4277 fuerit
679 4217 988 4277 mutatus.
1080 4211 1426 4277 Invenitur
1471 4217 1692 4277 autem
1727 4212 1963 4277 eadem
1997 4211 2336 4277 distinctio
2371 4214 2573 4276 etiam
2606 4214 2673 4277 in
2707 4215 3094 4291 novissime,

438 4300 550 4381 qui
598 4298 682 4363 ad
730 4298 1140 4364 Salaminem
1186 4298 1480 4363 insulam
1521 4300 1837 4382 pertinet,
1889 4297 2079 4363 titulo
2116 4297 2253 4383 Ἐφ.
2292 4298 2396 4383 Ἀρ
2438 4346 2454 4363 .
2504 4298 2671 4362 1884
2723 4320 2792 4383 p.
2831 4298 3093 4380 169s7o,

435 4386 557 4449 32:
608 4432 624 4450 .
661 4432 677 4451 .
721 4432 736 4448 .
791 4380 1035 4475 [κεῖτα]ι
1081 4383 1116 4467 ἦ
1160 4384 1384 4472 ἀρχαία
1443 4384 1619 4461 πόλις
1679 4378 1740 4472 [ἣ
1781 4378 2483 4473 προ]σον[ομ.]ασθεῖ[σα
2541 4380 2850 4471 Κυ[χρειά.
2934 4386 3096 4451 Ulti-

435 4490 623 4537 mum
693 4489 939 4536 nomen
1007 4476 1274 4557 propter
1338 4471 1670 4536 intervalli
1738 4473 2024 4555 spatium
2075 4471 2268 4535 aliter
2314 4489 2520 4552 aegre
2564 4490 2760 4554 posse
2803 4473 3097 4555 suppleri

433 4560 548 4640 qui
589 4560 1087 4643 inscriptionem
1138 4557 1350 4623 edidit
1391 4558 1767 4623 Tsuntas
1815 4558 2191 4622 rectissime
2234 4558 2727 4623 animadvertit.
2819 4556 3011 4642 Quod
3041 4561 3097 4624 si

434 4645 633 4728 plane
688 4646 956 4710 firmum
1001 4652 1181 4711 esset
1224 4647 1354 4710 hoe
1397 4644 1961 4730 supplementum,
2015 4644 2125 4709 vel
2174 4645 2330 4709 hine
2376 4650 2513 4710 tota
2557 4643 2871 4726 Lollingii
2903 4665 3095 4727 argu·

434 4732 756 4797 mentatio
801 4731 1345 4814 redargueretur.
1501 4728 1508 4737 ’

638 4815 704 4903 1)
748 4818 957 4885 Libri:
1011 4820 1228 4904 Αἴγινα
1274 4817 1340 4883 δ’
1390 4816 1556 4899 αὕτη.
1604 4818 1860 4903 Arguta
1903 4818 2212 4895 Loesch
2237 4818 2399 4882 ckii
2446 4818 2582 4899 (De
2614 4818 2818 4883 titulis
2846 4818 3097 4902 aliquot

431 4902 825 5057 gitt.bThes.
879 4903 996 4990 V.)
1045 4908 1430 4973 coniectura
1473 4904 1736 4983 Αἴαντος
1779 4903 1928 4970 ἄστυ
1969 4923 2206 4972 vereor
2255 4925 2343 4971 ne
2386 4906 2469 4969 sit
2512 4905 2867 4971 violentior
2909 4914 2985 4971 ut
3028 4908 3094 4970 in

483 4995 581 5056 tra
632 5008 780 5057 one.
