4057 5790
1568 541 2085 611 ..15-

495 784 696 872 parte
747 779 1110 856 labascere
1167 781 1342 853 mihi
1395 782 1676 855 videtur
1725 753 2254 873 argumentatio
2300 780 2778 874 Lollingiana,
2842 781 2918 854 id
2971 781 3159 871 quod

489 919 778 992 silentio
827 921 1208 1014 praeteriri
1261 921 1390 993 hoc
1439 921 1593 994 loco
1649 942 1788 993 non
1845 925 2176 1012 oportere
2230 922 2505 1013 opinor.

693 1055 838 1132 Sed
893 1056 1114 1131 refert
1163 1059 1276 1134 hic
1333 1059 1573 1150 paullo
1627 1061 2018 1134 accuratius
2086 1061 2223 1131 iam
2282 1081 2371 1132 ea
2445 1077 2893 1151 percensere,
2976 1080 3156 1148 quae
3206 1103 3221 1111 ·

489 1193 578 1267 de
615 1216 892 1289 pugnae
934 1194 1488 1270 Salaminiae
1549 1196 1719 1269 locis
1758 1197 2195 1270 tradiderint
2230 1202 2529 1271 veteres.
2607 1197 2930 1290 Quorum
2964 1197 3159 1269 testi·

488 1335 745 1406 moniis
796 1336 995 1407 nisus
1043 1334 1658 1410 Loeschckius
1715 1333 1844 1429 (N.
1875 1333 2137 1410 Jahrb.
2180 1334 2226 1408 f.
2258 1335 2521 1409 Philol.
2578 1337 2725 1409 115
2780 1359 2848 1429 p.
2883 1335 2981 1434 25
3020 1335 3158 1428 sq.)

487 1473 852 1564 propriam
911 1473 1041 1546 hac
1095 1474 1182 1547 de
1239 1495 1314 1546 re
1371 1474 1677 1566 protulit
1730 1456 2185 1566 sententiam,
2262 1496 2445 1567 quae
2499 1483 2734 1548 tamen
2790 1474 3002 1546 hodie
3041 1473 3159 1547 vix

488 1615 729 1702 potest
794 1611 1356 1703 comprobari.¹)
1428 1609 1582 1685 Nec
1635 1634 1884 1704 parum
1936 1613 2026 1686 ad
2079 1635 2235 1686 eam
2277 1613 2788 1686 debilitandam
2830 1610 3157 1684 attulisse

489 1746 660 1819 mihi
713 1749 997 1822 videtur
1041 1719 1610 1842 Lollingius‘
1641 1751 1796 1843 ipse
1849 1746 2067 1848 (Hist.
2124 1774 2198 1823 u.
2252 1751 2428 1843 phil.
2478 1735 2683 1822 Aufs.
2746 1747 2831 1820 E.
2863 1747 3156 1820 Curtius

490 1851 810 1977 gewidm:
865 1908 937 1979 p.
992 1893 1036 1960 4
1090 1886 1250 1986 sq.).
1331 1887 1443 1962 Ex
1493 1887 1847 1963 Herodoti
1895 1890 2135 1962 verbis
2191 1887 2395 1962 VIII.
2454 1891 2586 1960 85:
2646 1881 2845 1956 Κατὰ
2897 1884 3016 1979 μὲν
3072 1883 3157 1982 δὴ

496 2018 882 2121 Αθηναίους
915 2023 1278 2120 ἐτετάχατο
1333 2021 1643 2103 Φοίνικες·
1686 2025 1862 2097 οὔτοι
1914 2025 2041 2122 γὰρ
2101 2025 2276 2120 εἶχον
2330 1997 2403 2094 τὸ
2468 2017 3159 2121 πρὸς“Ἐλευσῖνός

489 2185 562 2232 τε
593 2162 704 2232 καὶ
742 2163 1035 2262 ἑσπέρης
1068 2163 1290 2264 κέρας·
1329 2163 1498 2234 κατὰ
1544 2160 2204 2257 ὃὲἋακεὸαιμονίους
2246 2156 2493 2239 Ἴωνες·
2536 2162 2713 2233 οὗτοι
2748 2155 2798 2232 δ’
2856 2161 3033 2256 εἶχον
3086 2159 3157 2230 τὸ

488 2298 655 2396 πρὸς
703 2301 822 2397 τὴν
874 2301 983 2398 ἠῶ
1039 2325 1112 2372 τε
1163 2301 1271 2372 καὶ
1323 2301 1433 2372 τὸν
1488 2297 1814 2399 Πειραιέα
1867 2303 2457 2394 septentrionalis
2533 2300 2699 2374 freti
2780 2298 3158 2374 Salaminii

490 2440 722 2511 exitus
774 2438 1208 2513 Phoenicum
1267 2440 1566 2530 navibus
1615 2445 1901 2534 saeptus
1951 2437 2113 2532 fuit,
2162 2441 2604 2513 meridianus
2660 2461 2828 2513 vero
2857 2439 2949 2511 ab
2968 2427 3161 2510 'Ioni-

489 2577 620 2649 bus
699 2584 1099 2669 occupatus,
1230 2577 1710 2655 Phoenicibus
1795 2580 1869 2650 in
1945 2579 2238 2652 sinistro
2295 2577 2735 2652 Graecorum
2780 2597 2997 2652 cornu
3054 2599 3160 2650 re-

488 2714 934 2806 spondebant
993 2716 1494 2806 AthenienseS,
1569 2715 1884 2803 IonibuS,
1970 2717 2093 2806 qui
2178 2715 2273 2788 ad
2350 2713 2682 2788 Piraeum
2738 2717 3157 2809 vergebant,

489 2851 1074 2949 Lacedaemonii,
1162 2855 1530 2930 dexterum
1599 2875 1818 2931 cornu
1872 2851 2307 2928 obtinentes,
2438 2852 2632 2929 Hinc
2700 2860 3161 2945 utrorumque

487 2993 790 3067 classem
843 2996 953 3067 ita
1005 2992 1223 3067 fuisse
1277 2996 1723 3089 instructam,
1805 3001 1884 3067 ut
1954 2994 2015 3067 P
2048 3016 2087 3067 e
2118 3014 2329 3067 rsae
2410 2994 2635 3083 tergis
2716 2994 2791 3065 in
2871 2991 3163 3066 Atti-

486 3150 735 3225 cam,
821 3130 1205 3207 Graeci
1278 3134 1352 3206 in
1435 3130 1986 3207 Salamina
2066 3138 2309 3205 essent
2389 3131 2739 3223 conversi,
2824 3131 3159 3224 adparet.

485 3268 1224 3345 Loeschckius
1310 3270 1615 3343 Diodori
1693 3260 2077 3374 (Ephori?)
2158 3272 2575 3343 auctoritate
2651 3264 2801 3365 (XI.
2862 3265 2991 3365 18)
3064 3270 3163 3340 ni-

485 3428 646 3501 suS,
739 3408 925 3500 apud
1018 3408 1465 3482 Herodotum
1557 3402 1916 3479 Ἐλευσῖνα
2006 3413 2231 3482 mutat
2326 3408 2399 3480 in
2502 3405 2859 3501 Σαλαμῖνα
2963 3428 3164 3498 proe-

482 3542 796 3634 liumque
852 3545 1104 3618 navale
1168 3547 1241 3618 in
1311 3546 1702 3619 meridiana
1774 3552 1977 3637 parte
2050 3543 2219 3618 freti
2293 3542 2685 3629 Salaminii,
2761 3545 2883 3616 ubi
2956 3566 3151 3617 mare

489 3688 788 3773 utroque
876 3682 1096 3756 latius
1186 3683 1645 3771 diffunditur,
1744 3686 2189 3760 commissum
2275 3706 2431 3757 esse
2522 3685 2776 3775 sumit,
2881 3684 2985 3757 ita
3078 3688 3158 3757 ut

492 3818 748 3895 Graeci
800 3823 1026 3911 tergis
1107 3821 1198 3895 ad
1291 3824 1896 3915 septentrionem,
1973 3822 2243 3895 Persae
2324 3822 2413 3894 ad
2496 3822 2864 3895 meridiem
2918 3842 3161 3913 verge-

493 3966 674 4032 rent.
796 3957 903 4033 At
981 3960 1263 4034 iniuria.
1367 3960 1856 4034 Diodorum
1948 3962 2161 4047 enim,
2237 3960 2496 4055 quippe
2574 3961 2694 4051 qui
2748 3960 3157 4059 'Phoenices

494 4096 865 4171 dexterum
919 4097 1302 4173 Persarum
1357 4118 1578 4174 cornu
1629 4098 1795 4189 (XI.
1855 4096 2010 4197 17),
2062 4098 2533 4170 Athenienses
2573 4118 2741 4171 vero
2794 4098 3158 4170 sinistrum

490 4232 927 4309 Graecorum
985 4235 1376 4308 obtinuisse
1433 4234 1739 4308 referret
1789 4230 1946 4335 (XI.
1997 4232 2151 4333 18),
2223 4237 2466 4308 eadem
2520 4241 2733 4326 atque
2790 4258 2919 4307 nos
2974 4235 3161 4327 apud

489 4369 937 4447 Herodotum
1029 4374 1330 4467 legisse,
1440 4376 1828 4448 rectissime
1925 4380 2167 4447 monet
2252 4374 2717 4448 Busoltius
2820 4370 2959 4473 (M.
3016 4370 3155 4444 Rh.

685 4679 758 4757 1)
846 4679 1261 4745 Loesohckio
1331 4697 1648 4744 assensus
1712 4684 1809 4743 eet
1883 4678 2629 4762 Volquardsenus,
2723 4676 2913 4741 Burs.
2962 4676 3022 4741 J.
3079 4677 3154 4741 Β.

486 4762 673 4847 XIX,
725 4787 785 4850 p.
830 4766 933 4831 58.
1012 4766 1324 4831 Oblocuti
1371 4773 1526 4829 sunt
1570 4772 1836 4849 praeter
1879 4785 2020 4847 eos,
2074 4785 2241 4851 quos
2288 4784 2488 4849 supra
2518 4762 2739 4842 attuli,
2774 4762 3158 4828 Duneke·

485 4871 621 4914 rus
668 4852 750 4915 G.
803 4854 868 4919 d.
913 4852 996 4917 A.
1057 4850 1214 4916 vw
1255 4874 1318 4936 p.
1371 4852 1500 4914 282
1567 4858 1632 4915 et
1676 4854 2347 4932 Jernstaedtius,
2422 4870 2631 4934 mypu.
2676 4869 2834 4913 unu.
2878 4868 3156 4933 impona.

485 4955 719 5021 npoen.
769 4938 962 5017 1882,
1014 4938 1272 5003 CCXX
1315 4960 1381 5021 p.
1430 4940 1576 5002 105.
