4057 5790
1586 543 2151 642 -1'25—

533 809 748 883 huius
815 809 1158 902 originem
1239 811 1330 884 ad
1402 813 1774 904 primum
1828 833 1896 904 p.
1958 811 2131 900 Chr.
2192 813 2556 890 saeculum
2609 814 2815 890 reicit
2879 807 3203 912 (Homer.

547 946 843 1023 UnterS.
884 969 950 1040 p.
993 950 1140 1022 235
1199 948 1420 1040 Adn.)
1462 949 1506 1041 ¹)
1561 989 1664 1004 ——
1731 950 1938 1043 Sapit
1989 973 2159 1025 vero
2206 959 2431 1026 totum
2492 953 2923 1044 epigramma
2975 959 3209 1027 tanto·

534 1107 706 1178 pere
791 1087 1030 1161 studia
1111 1063 1752 1180 grammaticorum,
1834 1093 1915 1160 ut
1983 1089 2122 1184 ipsi
2176 1089 2287 1161 illi
2342 1111 2586 1164 versus
2645 1092 2757 1166 vel
2810 1111 2943 1184 per
2993 1113 3069 1164 se
3120 1091 3207 1164 ad

541 1246 657 1298 res
713 1232 952 1317 gestas
998 1229 1480 1302 restituendas
1535 1250 1784 1322 parum
1846 1231 2225 1304 videantur
2287 1253 2443 1305 esse
2498 1232 2759 1306 idonei.
2868 1229 2977 1303 Ac
3028 1231 3211 1304 clau-

547 1363 739 1436 dicat
767 1370 1146 1458 praeterea
1180 1367 1297 1440 vel
1335 1369 1562 1460 ipsum
1601 1369 2136 1461 epigrammatis
2174 1376 2660 1460 argumentum
2700 1367 2891 1440 haud
2928 1367 3209 1444 leniter.

535 1498 722 1574 Nam
787 1503 888 1596 id,
944 1504 1131 1594 quod
1185 1505 1360 1596 ipsis
1408 1506 1556 1578 illis
1608 1507 1935 1580 versibus
1999 1507 2374 1593 indicatur,
2452 1509 2651 1598 finisse
2700 1527 3077 1600 quemqnam
3121 1519 3215 1575 ter

537 1652 886 1731 tyrannum
949 1641 1351 1744 ‘eundemque
1411 1659 1506 1713 ter
1563 1648 1899 1737 expulsum
1974 1647 2189 1716 itidem
2252 1671 2293 1716 a
2355 1647 2595 1716 civibus
2655 1659 3025 1715 revocatum
3085 1667 3215 1714 esse

537 1777 668 1854 hoc
725 1799 896 1852 sane
953 1782 1146 1854 omni
1201 1787 1398 1857 caret
1451 1784 1774 1858 veritatis
1823 1785 2085 1877 specie.
2196 1782 2305 1857 Ac
2373 1784 2791 1875 praesertim
2852 1783 2929 1854 in
2988 1778 3213 1854 Pisi-

539 1923 944 2010 stratum,
1045 1920 1304 2014 quippe
1386 1941 1591 2011 quem
1681 1929 2145 2014 tyrannum
2233 1929 2587 1994 mertuum
2686 1941 2847 1993 esse
2936 1925 3214 1995 constet

537 2055 793 2148 (Thac.
853 2054 983 2150 VI,
1042 2053 1188 2155 54),
1246 2059 1594 2150 quomodo
1649 2060 1818 2136 haec
1873 2063 2247 2153 quadrent,
2300 2059 2541 2132 nullus
2592 2058 2967 2149 adsequor.
3076 2056 3215 2132 Re·

533 2200 856 2289 pugnant
909 2200 1144 2268 autem
1197 2216 1376 2287 quae
1425 2195 1761 2288 Ungerus
1814 2199 1980 2271 inde
2037 2199 2405 2271 extricavit
2459 2196 2570 2269 vel
2627 2197 3211 2287 gravissimorum

535 2334 956 2426 scriptorum
1021 2334 1309 2408 disertis
1365 2334 1817 2408 testimoniis.
1932 2335 2467 2411 Describuntur
2535 2336 2721 2429 apud
2802 2333 3043 2446 Hero
3056 2335 3205 2409 do-

537 2480 704 2544 tum
758 2467 842 2571 (1,
879 2473 1222 2560 59-64)
1273 2473 1606 2566 deinceps
1657 2473 2024 2548 Pisistrati
2078 2476 2375 2566 imperia
2422 2476 2641 2568 tria,
2716 2479 3013 2564 quorum
3066 2495 3210 2547 me·

541 2611 768 2682 moria
819 2612 1032 2684 etiam
1090 2612 1161 2683 in
1219 2614 1722 2704 epigrammate
1787 2614 1928 2687 isto
1997 2621 2278 2686 servata
2344 2619 2475 2686 est.
2580 2611 2751 2686 Fuit
2829 2633 2999 2686 vero
3063 2631 3211 2726 om-

538 2749 708 2821 nino
759 2749 917 2840 ipsa
966 2749 1140 2823 haec
1184 2771 1302 2822 res
1353 2751 1531 2824 adeo
1582 2757 1655 2823 et
1709 2751 2099 2842 singularis
2146 2756 2221 2824 et
2262 2751 2768 2844 memorabilis,
2820 2756 2900 2823 ut
2934 2750 2996 2823 si
3030 2745 3211 2822 Pisi-

537 2893 804 2961 stratus
869 2894 1246 2981 praeterea
1300 2890 1412 2963 vel
1467 2892 1686 2965 semel
1743 2914 1978 2965 rerum
2034 2892 2301 2983 potitus
2356 2898 2571 2984 esset,
2649 2891 2933 2964 minime
2997 2890 3209 2963 huius

538 3028 644 3097 rei
699 3029 1104 3100 memoriam
1163 3028 1452 3104 silentio
1505 3032 1830 3125 pressuri
1883 3029 2155 3105 fuerint
2200 3029 2600 3120 scriptores
2686 3030 2974 3103 Accedit
3006 3028 3209 3119 liqui-

539 3165 706 3236 dum
755 3164 1172 3239 Aristotelis
1239 3169 1746 3259 testimonium,
1828 3170 1950 3259 qui
2014 3167 2230 3241 Polit.
2291 3165 2382 3240 V.
2440 3167 2514 3259 9,
2570 3169 2665 3239 23
2722 3166 2896 3239 haec
2951 3166 3203 3239 habet:

537 3304 722 3399 τρίτη
801 3299 1163 3401 (τυραννίς)
1233 3296 1284 3375 δ’
1355 3306 1402 3402 ἡ
1451 3314 1584 3377 τῶν
1639 3300 2189 3415 Πεισιπραῖιδῶν
2235 3298 2594 3403 Ἀθήνησι·
2650 3301 2766 3375 οὐκ
2812 3302 3081 3415 ’ἐγένετο
3134 3301 3211 3375 δὲ

542 3441 848 3537 συνεχὴς·
889 3440 1012 3517 δὶς
1064 3440 1191 3540 γὰρ
1232 3440 1954 3544 ἔφυγεζΠεισίστρα-ῑος
2005 3440 2445 3543 τυραννῶν.2)
2548 3442 2923 3517 Evincitur
2971 3464 3057 3515 ex
3102 3442 3213 3515 his

542 3579 892 3671 omnibuS,
947 3578 1302 3671 Ungeri
1346 3583 1553 3656 istam
1604 3584 2269 3677 interpretationem
2329 3604 2623 3675 prorsus
2661 3603 2817 3655 esse
2855 3581 3209 3654 hebetem.

541 3750 640 3769 -
693 3716 932 3809 Ipsum
1016 3719 1299 3808 quidem
1377 3721 1835 3813 epigramma,
1914 3723 2262 3812 quomodo
2333 3721 2825 3813 explicandum
2884 3722 3001 3814 sit,
3074 3720 3213 3792 iam

542 3856 682 3928 alia
747 3864 858 3929 est
926 3860 1269 3948 quaestio,
1336 3881 1518 3949 quae
1587 3860 1722 3934 huc
1776 3862 2009 3933 minus
2067 3860 2253 3935 facit.
2365 3859 2609 3933 Verba
2652 3858 2787 3956 τρὶς
2840 3856 3215 3955 ἐπηγάγετο

543 3992 578 4060 ὅ
634 3990 844 4089 δῆμος
886 3987 1279 4093 Ἀθηναίων
1334 4001 1598 4089 optime
1653 4000 1743 4071 ad
1801 4002 2170 4092 primam
2228 4018 2505 4088 quoque
2562 3996 2926 4070 Pisistrati
2980 4003 3217 4090 tyran-

539 4132 776 4203 nidem
869 4144 1166 4224 possunt
1247 4135 1536 4228 referri,
1645 4138 1906 4239 quippe
2000 4158 2209 4227 quam
2310 4134 2787 4209 Herodoto
2884 4140 3067 4208 teste
3154 4138 3215 4209 is

537 4291 680 4342 non
751 4272 984 4345 miuus
1055 4294 1261 4363 quam
1335 4275 1636 4347 alteram
1706 4296 1835 4369 per
1910 4274 2150 4347 dolum
2236 4273 2651 4365 adripuerit.
2788 4270 3219 4348 Difficiliora

539 4408 665 4480 illa
740 4410 1122 4487 τοσαυτάκις
1201 4410 1524 4499 ἐξεδίωξε,
1610 4433 1792 4502 quae
1872 4418 2109 4483 tamen
2164 4410 2353 4483 haud
2408 4411 2549 4483 scio
2604 4432 2693 4483 an
2748 4411 2851 4483 ita
2905 4411 3051 4483 sint
3105 4432 3229 4483 ex··

912 4616 1164 4623 --—.—*.—--

768 4716 840 4794 1)
883 4714 966 4779 H.
1017 4715 1240 4780 Flac
1269 4716 1306 4778 h
1331 4764 1348 4796 ,
1397 4715 1826 4780 Peisietratos
1861 4738 1923 4781 u.
1963 4718 2151 4781 seine
2182 4716 2382 4782 litter.
2420 4714 2870 4798 Thaetigkeit.
2922 4716 3211 4803 Tubing.

560 4799 728 4864 1885
773 4820 836 4883 p.
889 4803 931 4863 6
975 4820 1213 4867 versus
1259 4801 1408 4866 illos
1454 4802 1536 4866 ad
1581 4801 1868 4867 alterum
1915 4822 1977 4870 a.
2027 4803 2184 4869 Chr.
2235 4803 2579 4869 saeculum
2626 4810 2919 4868 revocat.

756 4888 830 4967 2)
903 4888 1359 4972 Eunapius
1417 4890 1486 4951 in
1556 4891 1698 4953 vita
1742 4890 2117 4957 Proaeresii
2193 4890 2220 4954 1
2274 4912 2342 4975 p.
2391 4890 2481 4953 80
2541 4892 2843 4956 Boisson.
2928 4886 2963 4954 ὃ
3002 4892 3077 4955 δὲ
3118 4898 3221 4956 καὶ
3360 4944 3373 4951 -

543 4974 953 5063 Προαιρέσιος
981 5020 995 5036 .
1029 5024 1041 5039 .
1120 4974 1326 5063 ὥσπερ
1373 4971 1404 5038 ὃ
1453 4976 1896 5065 Πεισίστρατος
1942 4977 2214 5041 ἐκπεσὼν
2254 4980 2524 5057 κατῆλθε
2566 4978 2637 5041 τὸ
2684 4975 2981 5063 δεύτερον.

2702 5100 2765 5151 9⁸
