4057 5790
1617 562 2129 632 ...95-

743 803 838 875 At
889 787 1290 878 certissima
1315 857 1336 896 ,
1393 824 1576 894 quae
1634 804 1920 878 illorum
1967 809 2363 896 temporum
2418 803 2759 877 memoria
2809 802 3013 876 nobis
3062 820 3218 876 con-

534 940 868 1032 servavit,
917 939 1081 1046 hoc²
1115 940 1324 1012 modo
1396 940 1683 1032 neglegi
1755 963 1898 1015 non
1953 941 2142 1016 licet.
2252 940 2677 1014 Levidensis
2742 940 2872 1012 illa
2920 939 3217 1039 Timaei,

534 1100 744 1170 quam
796 1077 1214 1151 Demetrius
1263 1078 1404 1152 iam
1458 1078 1637 1152 satis
1699 1079 2113 1174 confutavit,
2181 1079 2713 1152 narratiuncula
2778 1057 3060 1152 omnino
3114 1078 3217 1150 ni-

531 1218 637 1290 hil
689 1217 882 1291 valet
954 1223 1202 1293 contra
1276 1217 1854 1309 gravissimorum
1921 1219 2341 1313 scriptorum
2401 1236 2551 1292 cum
2604 1217 3029 1309 Apollodori
3067 1221 3217 1288 tum

537 1355 896 1430 Herodoti
951 1376 1289 1448 expressa
1323 1356 1759 1448 testimonia,
1800 1377 2097 1446 quorum
2134 1359 2437 1446 uterque
2474 1354 2949 1427 Periandrum
2990 1351 3215 1426 Athe-

535 1495 905 1568 niensibus
962 1516 1214 1585 agrum
1270 1495 1634 1568 addixisse
1692 1494 2043 1567 adfirmat.
2154 1491 2505 1584 Sigeum
2558 1494 2777 1583 igitur
2848 1494 3017 1584 quin
3084 1493 3210 1566 illo

539 1633 843 1707 arbitrio
881 1633 1196 1724 legitime
1223 1632 1706 1706 Athenien
1733 1634 1961 1707 sium
2013 1631 2274 1706 factum
2330 1633 2447 1723 sit,
2499 1631 2813 1704 dubitari
2848 1633 3098 1720 nequit
3125 1624 3207 1723 1).

743 1774 888 1844 Iam
945 1773 1134 1846 unde
1212 1772 1622 1846 defleximus
1675 1779 2140 1845 revertamur.
2254 1771 2683 1844 Tradiderat
2728 1769 3213 1862 Diogenes,

537 1915 617 1983 ut
666 1930 883 2001 supra
953 1909 1281 2000 vidimuS‚
1367 1908 1724 1986 Pittacum
1779 1907 2166 2003 Phrynone
2252 1910 2681 2000 interempto
2750 1905 3214 2002 Mytilenaeis

541 2048 977 2122 territorium
1035 2046 1368 2120 amissum
1423 2067 1908 2139 recuperasse.
1987 2045 2447 2121 Redundavit
2484 2053 2720 2120 autem
2761 2068 2848 2120 ex
2882 2048 2997 2139 fle,
3034 2068 3214 2137 quae

536 2187 685 2261 illic
741 2185 1232 2277 disseruimuS,
1283 2185 1421 2257 nisi
1470 2182 1758 2276 Sigeum
1817 2191 1986 2258 tunc
2036 2187 2477 2259 territorium
2524 2185 2799 2259 nullum
2846 2186 2923 2258 in
2977 2186 3221 2260 discri-

539 2343 699 2398 men
755 2324 1072 2416 potuisse
1128 2323 1395 2394 venire.
1537 2325 1680 2395 Iam
1765 2345 1932 2396 vero
2009 2343 2167 2398 cum
2222 2324 2335 2396 his
2390 2325 2450 2396 si
2505 2321 2859 2398 Herodoti
2902 2325 3218 2397 testimo-

537 2463 770 2535 nium:
825 2458 1202 2556 κατήλλαξε
1258 2457 1332 2529 δὲ
1393 2458 1548 2543 ὧδε,
1604 2459 1924 2556 νέμεσθαι
1975 2461 2331 2558 ἑκατέρους
2389 2462 2510 2559 τὴν
2550 2459 2797 2556 ἔχουσι.
2880 2459 3213 2556 Σίγειον

537 2599 656 2694 μέν
719 2623 830 2669 νυν
885 2599 1058 2670 οὕτω
1123 2597 1382 2692 ἐγένετο
1455 2595 1566 2670 ὑπ’
1615 2593 2033 2696 Ἀθηναίοισι
2112 2601 2565 2694 conferimus»,
2637 2563 2923 2692 Sigeum
3004 2603 3216 2674 etiam

535 2744 704 2811 ante
763 2739 992 2839 ipsum
1051 2735 1430 2824 Periandri
1475 2737 1851 2822 ‚arbitrium
1896 2738 2047 2826 ,iam
2120 2738 2197 2828 in
2249 2736 2825 2838 Asshessfisssslssllllss..
2847 2745 3218 2832 potestate
3284 2804 3295 2813 .

529 2874 749 2949 fuisse
807 2877 1106 2969 cogitur.
1250 2873 1461 2965 Quod
1515 2876 2008 2966 gravissimum
2065 2878 2319 2951 summi
2370 2877 2680 2953 auctoris
2724 2877 3207 2953 testimonium

613 2956 940 2987 ..--······'''‘''’“.

527 3096 653 3107 *v—
666 3100 1025 3108 v—-ss—-a———oq—
1042 3102 1144 3109 -ι-

531 3237 789 3301 Ferner
833 3238 1020 3319 giebt
1060 3238 1170 3302 die
1216 3238 1422 3303 durch
1470 3238 1858 3303 Demetrius
1905 3238 2397 3322 angefoehtene
2442 3238 2872 3322 Bemerkung
2932 3237 3050 3304 dee
3094 3238 3206 3304 Ti-

531 3342 765 3388 maeus
800 3324 908 3387 bei
943 3323 1248 3405 Str-aben,
1301 3324 1666 3390 Periander
1714 3326 1890 3390 habe
1944 3324 2077 3390 den
2110 3324 2427 3391 Lesbiern
2468 3345 2620 3389 zum
2658 3325 2947 3389 Schutze
2980 3327 3206 3390 Achil·

529 3410 705 3474 leion
753 3410 1014 3491 erbeut,
1067 3414 1478 3494 wenigst-ens
1519 3414 1716 3476 einen
1765 3411 2135 3476 indirecten
2178 3412 2438 3476 Beweie
2484 3412 2702 3493 dafnr,
2742 3412 2900 3475 daea
2930 3412 3203 3477 Perian-

531 3497 686 3563 droe
725 3496 826 3561 ale
886 3496 1015 3561 den
1069 3498 1386 3563 Leebiern
1457 3500 1730 3581 geneigt
1778 3498 2165 3579 angesehen
2216 3499 2474 3579 wurde,
2548 3516 2689 3562 was
2726 3499 2905 3563 wohl
2953 3500 3207 3581 wieder

531 3602 654 3648 aue
711 3584 866 3647 dem
923 3585 1028 3647 fur
1086 3585 1196 3648 die
1239 3585 1516 3649 Lesbier
1561 3585 1926 3668 gunetigen
1975 3583 2286 3648 Resultet
2328 3585 2547 3649 eeiues
2596 3585 3205 3669 Schiedsepruchee

530 3670 862 3753 gesolgert
910 3670 1182 3735 worden
1233 3671 1374 3735 istst
1466 3671 1692 3754 Pergit
1737 3673 1944 3753 igitur
1987 3672 2213 3734 statim
2259 3670 2657 3735 Schoeniue·
2722 3669 2989 3753 ,Allee
3025 3673 3207 3737 fohrt

532 3778 612 3821 zu
661 3757 781 3820 der
829 3756 1225 3837 Anuahme,
1293 3757 1449 3822 dass
1496 3758 1617 3822 der
1665 3757 1824 3841 Sieg
1870 3758 1990 3821 des
2042 3758 2339 3822 Pittacus
2386 3758 2496 3822 die
2544 3756 3204 3842 Wiedereroberung

535 3862 664 3908 von
711 3842 980 3925 Sigeion
1031 3863 1150 3907 zur
1193 3843 1404 3927 Folge
1447 3844 1652 3923 hatte,
1705 3844 1841 3909 und
1889 3844 2069 3923 dese,
2120 3844 2218 3907 als
2258 3864 2416 3907 man
2464 3849 2689 3927 spater
2725 3862 2881 3909 vom
2910 3845 3204 3909 Waffen-

533 3930 807 4012 kampse
871 3950 950 3993 zu
1012 3929 1576 4013 diplomatischen
1626 3930 2189 4012 Verhandlungen
2254 3931 2606 4013 uberging,
2678 3931 2797 3995 der
2841 3930 3203 3996 Entscheid

530 4016 654 4081 dee
699 4015 1108 4081 Periandroe
1156 4018 1278 4080 auf
1315 4016 1992 4099 Aufrechterheltung
2042 4018 2163 4080 des
2208 4022 2421 4081 statue
2469 4035 2602 4099 quo
2652 4016 2953 4081 lautete!
3028 4018 3203 4081 Ean·

528 4103 680 4167 dem
727 4102 1113 4185 opinionem
1161 4103 1266 4167 vel
1300 4122 1513 4187 nuper
1547 4104 1901 4188 amplexus
1933 4108 2028 4167 est
2065 4099 2507 4169 Gustavus
2556 4100 2690 4169 Gi]
2716 4105 2899 4168 bert
2930 4104 3199 4169 Griech.

528 4186 1128 4256 Staatealterth.11
1177 4190 1388 4273 (Lipe.
1437 4186 1638 4271 1885)
1685 4212 1748 4274 p.
1799 4191 1946 4259 163.

734 4272 798 4359 1)
840 4278 911 4341 In
961 4275 1254 4339 eundem
1295 4284 1496 4358 atque
1543 4277 2008 4341 Schoeniue
2057 4294 2353 4341 errorem
2398 4277 2635 4341 incidit
2676 4275 3033 4341 Curtius
3082 4279 3197 4343 Gr.

529 4360 609 4424 G.
647 4356 710 4424 1⁸
740 4382 802 4443 p.
833 4361 986 4425 3⁴9.
1033 4362 1196 4441 ,und
1249 4366 1418 4430 nach
1453 4363 1774 4442 langeren
1804 4364 2325 4445 Streitigkeiten‚
2356 4364 2425 4427 in
2462 4362 2763 4428 welchen
2796 4364 3203 4429 Periandr-os

529 4446 628 4512 ale
675 4446 1200 4513 Sohiederichter
1245 4450 1614 4530 engerufen
1666 4450 1924 4525 wurde,
1975 4449 2311 4515 behielteu
2362 4450 2559 4513 beide
2606 4449 2844 4515 Theile
2876 4452 3021 4515 ihre
3055 4451 3202 4515 dor-

533 4536 712 4615 tigen
805 4536 1294 4618 Besitzungen3
1382 4534 1726 4617 Sigeion
1817 4538 1981 4602 aber
2061 4534 2236 4601 blieb
2310 4537 2441 4600 den
2515 4535 3169 4618 Mytilenaeern.
3184 4536 3204 4571 ⁴

530 4618 640 4684 Ed
664 4621 973 4685 nardus
1019 4584 1312 4705 Meyer
1359 4621 1765 4687 Gesehiehte
1810 4642 1942 4688 von
1988 4622 2200 4687 Troas
2246 4642 2311 4706 p.
2351 4623 2435 4685 82
2478 4625 2775 4706 ipsorum
2824 4625 3189 4688 testimoni-

527 4725 720 4771 orum
786 4708 1342 4774 exeutiendorum
1407 4728 1650 4774 munus
1709 4711 1982 4774 omnino
2042 4727 2174 4773 non
2222 4709 2539 4792 suscepit:
2613 4708 3001 4791 ,Dieeelben
3052 4708 3192 4794 (die

529 4793 814 4878 Kampfe
871 4815 988 4859 um
1049 4792 1352 4878 Sigeion)
1407 4796 1556 4859 sind
1619 4797 2028 4880 neuerdinge
2076 4816 2207 4861 von
2267 4795 2593 4861 Schbne
2638 4814 2713 4862 eo
2762 4796 3202 4880 erechopfend

531 4879 898 4945 behandelt
943 4881 1242 4964 worden,
1314 4881 1470 4946 daea
1515 4882 1623 4945 ieh
1672 4884 1850 4947 mich
1899 4884 2143 4948 darauf
2179 4883 2623 4964 beeohrenke,
2697 4883 2807 4947 die
2850 4880 3205 4948 Resultate

533 4967 754 5032 aeiner
795 4966 1322 5050 Untereuchung
1369 4989 1450 5031 zu
1499 4970 1739 5050 geben.
1757 4967 1777 5002 ‘

3452 2726 3618 2836 [ΜΓ
3648 2745 3707 2838 l‘
3769 2751 3867 2850 ’,4
