4057 5790
1587 569 2091 638 -51—

513 815 687 886 istas
717 811 804 885 de
835 809 1124 884 Solonis
1162 813 1250 884 in
1271 835 1305 884 s
1327 833 1369 883 a
1393 835 1436 883 n
1458 813 1542 884 ia
1578 815 2217 908 ineptiaS‚quarum
2249 815 2533 906 quidem
2566 817 3035 910 patrocinium
3060 811 3185 906 qui

517 951 962 1045 susciperent
1016 971 1155 1021 non
1211 948 1616 1042 defuerunt,
1673 952 1802 1026 hoc
1857 927 2012 1027 loco
2051 957 2333 1045 recoqui
2380 956 2495 1027 vel
2531 946 3183 1046 argumentisdilui

511 1087 688 1186 opus
738 1092 870 1161 est.
976 1086 1136 1162 Hoc
1189 1089 1602 1174 tenendum,
1661 1091 1885 1182 ipsam
1917 1089 2217 1165 Solonis
2272 1092 2572 1184 elegiam
2621 1084 2967 1166 sub'eius-
2995 1095 3181 1166 vitae

517 1229 728 1300 finem
782 1227 1062 1300 demum
1117 1227 1568 1322 compositam
1615 1249 1798 1317 esse,
1853 1223 2116 1320 quippe
2158 1249 2300 1318 qua
2345 1231 2534 1304 cives
2586 1231 2676 1303 ad
2712 1230 3187 1322 praeclarissi-
3213 1281 3236 1297 c

517 1387 672 1439 mae
719 1367 994 1438 insulae
1047 1366 1643 1458 expugnationem
1697 1365 2118 1440 incitaverit.
2150 1361 2207 1457 ¹)

723 1503 1010 1577 Solonis
1063 1503 1573 1594 legumlatione
1645 1502 1964 1576 effectum
2020 1507 2212 1590 erat,
2293 1508 2373 1574 ut
2419 1502 2967 1577 Atheniensium
3041 1527 3183 1578 res-

518 1642 806 1734 publica
856 1641 1096 1731 aliqua
1148 1663 1236 1713 ex
1289 1645 1492 1734 parte
1553 1647 1625 1712 et
1675 1643 2179 1714 restitueretur
2241 1651 2315 1714 et
2388 1641 2948 1717 confirmaretur.
3048 1642 3185 1716 Re·

513 1780 772 1854 creatis
828 1779 1042 1851 rebus
1095 1779 1398 1851 internis
1455 1784 1792 1851 externae
1848 1799 2125 1869 quoque
2178 1785 2569 1870 coeperunt
2622 1776 2965 1870 vigere.²)
3020 1782 3185 1874 Ipsa

514 1931 909 2010 temporum
979 1917 1294 1990 conditio
1375 1923 1654 1990 mutata
1721 1923 1915 1990 erat:
2025 1915 2352 2008 Megaris
2426 1917 2805 2009 'theagene
2886 1919 3182 2010 expulso

515 2057 902 2132 discordias
956 2055 1198 2128 civiles
1253 2061 1328 2128 et
1377 2056 1684 2150 partium
1723 2056 1962 2129 studia
2011 2057 2467 2148 splendorem
2508 2055 2907 2148 tyrannidis
2942 2061 3187 2129 secuta

515 2215 674 2268 esse
729 2217 772 2266 a
819 2193 1300 2268 Plutarcho
1353 2195 1732 2270 edocemur
1785 2195 2115 2286 (Quaest.
2176 2193 2309 2267 Gr.
2368 2197 2517 2291 18).
2602 2196 2841 2285 Atque
2879 2199 2960 2267 ut
2994 2201 3185 2268 certe
3234 2248 3239 2256 .

517 2333 824 2424 optimus
901 2334 1198 2424 quisque
1273 2355 1357 2404 ex
1418 2333 2007 2423 Atheniensibus,
2064 2334 2172 2405 ita
2226 2334 2521 2405 maxime
2578 2329 2781 2406 Solo
2849 2332 2961 2404 his
3015 2336 3185 2404 tem-

519 2469 812 2562 poribus
894 2477 1236 2561 quantum
1294 2469 1844 2544 Atheniensium
1917 2472 2305 2543 interesset
2368 2467 2729 2542 Salamina
2792 2470 3185 2562 possidere,
3274 2485 3285 2504 ¹

519 2605 975 2706 perspexitss).
1034 2607 1223 2681 Illud
1261 2608 1443 2702 ἴομεν
1499 2609 1590 2684 εἰς
1641 2605 1995 2702 Σαλαμῖνα
2044 2609 2505 2705 μαχησόμενοι
2554 2607 2705 2704 περὶ
2751 2607 2955 2704 νήσου
2990 2629 3188 2702 prae-

522 2746 990 2820 clarissimum
1033 2753 1124 2818 et
1187 2746 1819 2838 locupletissimum
1902 2746 2111 2818 huius
2185 2747 2291 2818 rei
2372 2747 2852 2819 testimonium
2932 2750 3185 2820 exstat.

1465 2918 1500 2945 f

513 3106 681 3171 uber
739 3103 872 3169 alte
936 3104 1179 3169 Gesch.
1239 3106 1268 3167 I
1341 3126 1402 3189 p.
1468 3105 1616 3173 443.
1713 3104 2057 3169 Nonnulla
2116 3104 2339 3169 attulit
2398 3104 2475 3169 E.
2528 3106 2623 3170 de
2680 3075 3188 3185 Leutaehius

511 3189 1124 3343 ξξῖὲεέἱὰιξὲὲὶρ.
1161 3192 1285 3257 137
1315 3210 1412 3275 sq.
1441 3190 1702 3274 Quibus
1748 3209 1963 3274 nuper
2011 3192 2426 3257 Stettiner
2468 3192 2513 3258 l.
2550 3192 2594 3258 l.
2632 3214 2697 3277 p.
2726 3194 2811 3256 32
2835 3212 3183 3278 perperam

723 3380 794 3461 1)
838 3381 1084 3446 Parum
1134 3386 1317 3446 recte
1360 3381 1559 3465 igitur
1591 3380 2067 3445 Salaminis
2100 3379 2360 3463 elegiae
2382 3382 2762 3465 fragmenta
2784 3384 2853 3446 in
2879 3383 3187 3450 editioni-

513 3470 634 3534 bus
659 3469 950 3553 primum
975 3468 1278 3534 obtinent
1305 3467 1552 3532 locum.
1603 3467 1755 3534 Non
1791 3470 2024 3551 ignoro
2059 3463 2373 3551 equidem
2419 3470 2487 3531 in
2514 3469 2615 3533 his
2642 3488 2906 3533 meeum
2934 3470 3185 3535 dissen-

513 3558 640 3621 tire
670 3556 892 3621 virum
925 3574 1266 3621 summum
1303 3554 1974 3621 Gutschmidium
2019 3552 2131 3638 (cf.
2172 3554 2403 3638 mach,
2437 3554 2684 3621 Geseh.
2726 3555 3185 3640 d.Gr.Lyr.11

509 3664 578 3725 p.
612 3640 740 3708 365
771 3642 853 3705 A.
903 3636 991 3727 1).
1085 3641 1158 3707 In
1206 3640 1650 3705 Gutsehmidii
1707 3646 1924 3725 partes
1987 3641 2272 3706 discedit
2314 3643 2521 3705 etiam
2567 3641 3013 3707 Busoltius
3059 3643 3179 3709 Gr.

514 3729 594 3793 G.
641 3728 669 3791 1
715 3748 782 3811 p.
832 3729 994 3792 521:
1089 3726 1390 3811 ,Richtig
1451 3722 1539 3803 ist
1587 3744 1684 3810 ea,
1760 3728 1918 3791 dass
1965 3729 2077 3791 die
2124 3726 2523 3811 Ereberung
2554 3728 2835 3793 -Niaaias
2882 3729 3019 3793 und
3067 3730 3191 3794 der

512 3815 1166 3879 Lakedaimonische
1212 3813 1738 3897 Scbiedsspruch
1790 3820 1929 3879 erst
1973 3814 2144 3879 kurz
2192 3833 2316 3881 vor
2362 3815 2483 3879 der
2534 3814 2867 3899 Tyrannis
2910 3816 3027 3880 des
3079 3816 3183 3879 Pi·

513 3903 819 3966 sistratus
867 3896 1110 3984 erfolgt
1154 3902 1298 3965 sein
1347 3900 1644 3965 konnen.
1741 3900 2131 3965 Anderseits
2175 3902 2412 3985 gehort
2452 3900 2613 3965 aber
2644 3900 2757 3968 die
2788 3900 3186 3986 Etoberung

515 4004 648 4053 von
695 3986 986 4052 Salamis
1033 3986 1544 4053 unzweifelhaft
1584 3989 1654 4051 in
1702 3986 1839 4052 die
1883 3988 2070 4053 Zeit
2100 4002 2247 4053 vor
2296 3989 2440 4053 der
2470 3986 3184 4071 Gesetzgebung.‘

517 4071 734 4175 Quam
805 4075 1191 4224 elpinioinem
1256 4082 1684 4157 nequaquam
1753 4092 1905 4138 esse
1968 4074 2315 4139 ferendam
2378 4094 2578 4161 supra
2642 4074 2900 4139 affatim
2944 4076 3183 4160 proba-

511 4178 688 4225 visse
730 4180 826 4223 mi
873 4182 896 4223 1
941 4180 1006 4223 vi
1059 4178 1199 4225 eor.

718 4264 785 4345 2)
853 4263 941 4351 U.
991 4263 1461 4329 Koehlerus
1483 4312 1501 4346 ,
1569 4264 1789 4328 Mitth.
1816 4264 1882 4329 X
1907 4286 1972 4347 p.
2003 4265 2154 4329 154.
2186 4267 2337 4330 155.
2367 4300 2451 4312 —
2490 4262 2667 4348 Quin
2696 4285 2778 4330 ea
2800 4267 3187 4331 narratione

513 4369 647 4435 qua
689 4350 1010 4417 Solonem
1058 4369 1285 4416 coram
1333 4347 1585 4415 Croeso
1630 4370 1820 4415 usum
1871 4368 2020 4417 ease
2066 4351 2531 4417 Herodotus
2575 4354 2627 4428 1,
2674 4351 2760 4417 30
2799 4354 3025 4428 refert,
3077 4372 3185 4418 res

515 4441 704 4521 gesta
749 4440 1193 4517 contineatur,
1244 4454 1378 4500 non
1425 4444 1548 4519 est,
1599 4455 1719 4501 eur
1762 4438 2168 4503 dubitemus.
2256 4437 2821 4521 Ἀστυγείτονες
2862 4438 2984 4521 illi,
3030 4458 3185 4504 cum

516 4524 758 4606 quibua
807 4524 1254 4589 Athenienses
1288 4522 1988 4609 Eleusine,congreasi
2019 4542 2171 4590 esse
2198 4526 2659 4607 perhibentur,
2708 4532 2888 4589 certe
2916 4526 3188 4591 fuerunt

516 4610 1079 4695 Megarenses.
1174 4610 1394 4674 Etiam
1437 4628 1570 4693 quo
1619 4618 1921 4695 tempore
1963 4611 2033 4675 id
2076 4614 2322 4675 tactum
2354 4612 2462 4693 sit,
2512 4611 2945 4695 aliquomodo
2976 4613 3184 4676 Hero·

517 4695 652 4760 doti
684 4697 905 4762 verbis
949 4697 1286 4761 indicatur
1334 4698 1466 4777 (τῆς
1507 4696 1718 4773 πόλιος
1761 4694 1830 4765 εὖ
1871 4694 2177 4779 ἣκούσης).
2258 4696 2559 4763 Certiora
2590 4716 2751 4765 vero
2784 4718 2871 4763 ex
2900 4699 3185 4783 abrupto

509 4780 624 4848 illo
674 4785 1051 4849 testimonio
1097 4783 1502 4849 concludere
1548 4802 1680 4848 non
1729 4785 1969 4850 ausim.

721 4888 800 4971 3)
865 4888 1123 4954 Eodem
1169 4888 1374 4953 modo
1419 4885 1615 4952 Solo
1663 4890 1910 4953 civium
1956 4890 2219 4955 animoa
2261 4889 2347 4954 ad
2396 4890 2859 4973 occupandam
2900 4886 3187 4956 Cherso-

514 4990 753 5037 nesum
799 4975 1154 5040 Thraciam
1204 4975 1545 5039 incitavit:
1600 4976 1794 5057 Diog.
1847 4976 1922 5040 L.
1970 4976 2000 5041 1
2045 4974 2093 5063 ξ
2135 4977 2245 5041 47.
