4057 5790
1537 587 2053 658 -35-

460 827 536 899 in
579 825 800 902 litore
859 828 1304 920 operantium
1385 834 1662 920 raptus,
1739 833 2016 901 tantum
2068 828 2260 918 quod
2314 849 2431 900 res
2485 827 2575 900 ad
2628 827 2842 899 alium
2895 829 3139 900 terrae

461 961 750 1037 Atticae
825 967 1060 1040 locum
1145 972 1224 1039 et
1283 967 1376 1039 ad
1421 973 1690 1040 eertum
1744 967 2101 1041 hominem
2155 971 2486 1040 revocata
2538 971 2705 1068 est„
2778 961 2926 1038 Res
2978 965 3138 1058 ipsa

461 1123 718 1195 parum
771 1103 1028 1180 differt.
1151 1106 1400 1198 Itaque
1453 1105 1644 1178 haud
1694 1106 1839 1180 seio
1891 1127 1982 1201 an
2032 1107 2134 1180 ita
2184 1105 2485 1180 multum
2538 1126 2582 1179 a
2632 1123 2804 1178 vero
2852 1103 3137 1177 aberre-

465 1261 648 1329 mus,
729 1245 790 1315 si
866 1244 1082 1318 etiam
1160 1245 1372 1318 huius
1451 1245 1882 1318 narrationis
1955 1243 2391 1321 incunabula
2438 1246 2497 1316 B
2518 1264 2674 1317 rau
2693 1263 2899 1316 rone
2966 1241 3137 1315 olim

467 1379 814 1456 collocata
864 1379 1086 1457 fuisse
1141 1384 1600 1477 suspicemur.
1709 1381 1822 1456 Ex
1873 1381 2251 1458 Braurone
2307 1381 2735 1458 Pisistratus
2789 1379 3135 1472 originem

464 1538 670 1591 suam
705 1523 1046 1614 repetivit
1082 1543 1212 1598 nec
1257 1543 1400 1594 non
1430 1520 1548 1598 hic
1584 1520 1893 1595 familiae
1923 1523 2077 1596 eius
2116 1523 2325 1596 sedes
2351 1525 2694 1616 paternae
2743 1519 3138 1609 antiquitus

466 1663 678 1730 erant
703 1658 933 1733 sitae.
1073 1658 1432 1734 Convenit
1481 1660 1746 1753 optime
1789 1677 1944 1734 cum
1994 1660 2135 1752 his,
2185 1659 2373 1750 quod
2424 1663 2576 1733 tota
2626 1658 2768 1731 ista
2820 1655 3137 1731 narratio

465 1814 607 1866 non
647 1794 788 1868 nisi
822 1796 914 1870 ad
949 1796 1350 1873 efferendas
1389 1797 1867 1873 Pisistrati
1905 1803 2099 1872 artes
2142 1803 2219 1871 et
2252 1799 2557 1872 virtutes
2608 1799 2905 1893 spectat.
2959 1793 3139 1870 Eius

465 1911 856 2009 calliditate
903 1934 1244 2026 efficitur,
1301 1945 1419 2032 ut,
1475 1959 1682 2029 quem
1733 1935 2201 2029 Megarenses
2254 1936 2712 2031 meditantur,
2765 1935 2841 2008 in
2892 1933 3139 2008 mulie-

465 2089 584 2143 res
636 2073 916 2147 Atticas
966 2076 1272 2170 impetus
1325 2076 1400 2148 in
1432 2074 1988 2150 Atheniensium
2015 2075 2455 2150 commodum
2483 2077 2825 2147 vertatur.
2907 2071 3139 2165 Quam

465 2228 616 2280 rem
685 2209 854 2283 olim
925 2213 1000 2284 in
1083 2213 1606 2288 commentariis
1668 2212 2077 2288 domesticis
2156 2213 2353 2286 illius
2434 2212 2668 2303 gentis
2730 2211 3139 2286 denotatam

465 2343 687 2422 fuisse
740 2369 912 2423 sane
965 2351 1356 2424 verisimile
1411 2357 1545 2426 est.
1651 2349 2051 2438 Admoneo‚
2106 2351 2375 2443 inipso
2429 2349 2889 2424 Braurona
2942 2369 3137 2443 pror-

467 2506 589 2558 sus
653 2449 1030 2576 gemellam
1096 2489 1580 2562 narrationem
1653 2487 1742 2561 ad
1815 2488 2259 2562 extollendus
2336 2487 2825 2562 Philaidarum
2902 2487 3138 2579 gentis

471 2623 775 2698 virtutes
826 2646 984 2698 esse
1041 2626 1429 2701 confictam.
1535 2623 1772 2699 Etiam
1825 2647 1942 2700 res
1993 2625 2369 2702 Eleusinia
2415 2627 2695 2700 demum
2746 2631 2913 2720 post
2962 2624 3141 2700 Pisi·

471 2762 682 2836 strati
763 2763 1129 2838 victoriam
1188 2763 1386 2837 illam
1441 2761 1969 2859 Megarensem,
2041 2766 2241 2840 cuius
2302 2764 2641 2839 memoria
2698 2764 2959 2860 optime
3036 2769 3149 2837 est

469 2903 962 2997 comprobata,
1030 2904 1418 2998 composita
1478 2923 1638 2977 esse
1699 2905 2004 2979 videtur.
2118 2902 2233 2979 Ita
2292 2902 2627 2981 facillime
2681 2904 2839 2978 fieri
2888 2903 3145 3000 potuit,

473 3045 553 3112 ut
605 3060 748 3133 res,
803 3060 986 3131 quae
1019 3044 1309 3138 proprie
1343 3043 1434 3115 ad
1467 3040 1886 3117 Brauron
1905 3064 2023 3117 em
2066 3044 2481 3137 pertineret,
2534 3044 2672 3116 iam
2712 3042 2883 3118 illuc
2920 3048 3147 3116 trans·

474 3173 820 3271 ferretur,
901 3179 1026 3253 ubi
1087 3178 1544 3254 Pisistratum
1616 3199 1766 3255 rem
1846 3180 2031 3254 bene
2115 3181 2423 3273 gessisse
2495 3200 2701 3253 nemo
2762 3178 3145 3253 nesciebat·

477 3312 789 3390 Omnino
867 3318 1094 3410 ipsius
1159 3318 1371 3393 huius
1450 3320 1882 3393 narrationis
1942 3318 2201 3394 mirum
2269 3322 2533 3410 quanta
2579 3316 2720 3391 fuit
2771 3316 3146 3390 infirmitas

473 3470 552 3527 ac
584 3454 976 3529 mobilitas:
1034 3458 1297 3551 quippe
1333 3454 1490 3531 Ele
1513 3459 1775 3532 usine
1811 3457 1995 3531 idem
2038 3461 2469 3549 strategema
2503 3460 2792 3549 postero
2830 3460 3149 3549 tempore

471 3591 610 3663 iam
680 3592 770 3665 ad
839 3592 1038 3666 aliud
1103 3599 1340 3667 terrae
1395 3568 1687 3671 Atticae
1743 3594 1917 3669 litus
1970 3600 2048 3668 et
2097 3562 2185 3667 ad
2242 3593 2424 3667 alius
2475 3593 2782 3667 hominis
2834 3590 3152 3669 facinora

474 3730 1034 3813 concelebranda
1085 3732 1508 3807 translatum
1559 3736 1694 3807 est.

681 3866 1134 3941 Immutatam
1192 3867 1372 3943 hanc
1423 3869 1858 3944 narrationis
1910 3868 2201 3943 formam
2242 3868 2542 3964 praebet
2580 3866 3145 3963 Plutarchus.

475 4003 644 4096 Ipsa
711 4000 993 4096 quidem
1066 4007 1445 4082 translatio
1527 4029 1670 4098 quo
1716 4014 2038 4101 tempore
2094 4007 2208 4082 vel
2260 4029 2398 4099 quo
2452 4014 2741 4083 auctore
2795 4006 2983 4084 facta
3059 4009 3155 4083 sit

477 4164 822 4235 nusquam
878 4145 1219 4219 traditum
1285 4152 1416 4220 est.
1539 4144 1727 4219 Nam
1799 4152 2091 4239 praeter
2162 4143 2246 4217 τὰ
2312 4142 2431 4241 μὲν
2491 4142 2605 4215 οὖν
2678 4142 2964 4243 δημώδη
3017 4150 3149 4215 τῶν

479 4280 856 4379 λεγομένῳν
927 4286 1174 4357 τοιαῦτ’
1245 4282 1418 4355 ἐστίν
1481 4285 1569 4360 de
1650 4286 1860 4359 huius
1941 4286 2319 4359 memoriae
2402 4284 2675 4375 origine
2725 4282 3153 4359 Plutarchus

482 4419 816 4513 patefecit
875 4422 1075 4496 nihil.
1181 4420 1337 4497 Nec
1391 4424 1504 4501 cui
1555 4424 1828 4498 auctori
1879 4405 2363 4498 narrationem
2414 4422 2597 4497 hanc
2650 4422 2979 4495 debuerit
3029 4420 3153 4495 ille

485 4558 758 4633 scimus.
865 4560 979 4633 De
1033 4560 1423 4651 Plutarchi
1457 4562 1531 4633 in
1591 4563 1734 4635 vita
1753 4559 2041 4636 Solonis
2095 4559 2411 4634 fontibus
2466 4581 2636 4634 sane
2691 4560 2879 4633 haud
2934 4578 3156 4652 pauca

487 4696 598 4769 his
667 4697 1104 4790 temporibus
1186 4699 1584 4792 conscripta
1663 4705 1854 4771 sunt.
1977 4696 2235 4773 Solent
2292 4705 2457 4794 post
2498 4696 2951 4771 Prinzium
3006 4694 3153 4793 (De

483 4830 628 4908 Sol.
664 4832 862 4908 Plut.
909 4834 1078 4914 font.
1118 4834 1417 4910 Bonnae
1475 4836 1706 4929 1867)
1757 4843 1831 4909 et
1864 4834 2511 4928 Begemannum
2572 4830 2894 4931 (Quaest.
2936 4832 3085 4909 Sol.
3115 4829 3153 4908 I

483 4970 834 5084 Holtesm.
895 4974 1114 5069 1875)
1197 4976 1540 5068 pleraque
1602 4974 1679 5046 in
1750 4974 1898 5047 vita
1946 4974 2377 5048 Plutarchea
2440 4974 2531 5046 ad
2584 4972 3151 5071 Hermippum
