4057 5790
1982 547 2496 616 -28-

897 811 1163 881 genere
1201 794 1636 880 strategema
1674 788 1851 861 illud
1891 786 2372 861 Pisistrato
2406 789 2579 862 duce
2616 788 2873 864 factum
2924 813 3079 864 esse
3130 793 3570 884 perhibetur.

899 926 1364 1018 Megarenses
1415 927 1501 999 de
1557 925 1977 999 feminarum
2056 925 2493 1001 solemnibus
2574 930 2913 1002 certiores
2982 927 3175 1019 facti,
3253 953 3339 1002 ex
3393 930 3571 1002 urbe

897 1087 1032 1139 sua
1089 1065 1362 1155 egressi
1415 1061 1966 1137 Atheniensium
2050 1062 2372 1158 feminas,
2454 1086 2633 1157 quae
2678 1065 3021 1140 Eleusine
3077 1066 3329 1140 Cereri
3379 1085 3577 1140 sacra

895 1203 1187 1296 faciunt,
1267 1202 1804 1293 adgrediuntur.
1941 1201 2085 1292 Qui
2150 1203 2457 1294 impetus
2509 1204 2883 1277 Pisistrati
2935 1205 3099 1278 dolo
3150 1206 3240 1278 ad
3292 1206 3572 1278 irritum

898 1342 1271 1432 redigitur.
1309 1379 1414 1394 -
1449 1339 1530 1412 In
1570 1341 1803 1412 altero
1857 1361 2026 1416 vero
2074 1362 2334 1432 genere
2389 1341 2574 1414 idem
2624 1341 3095 1438 fere,facinus
3144 1327 3603 1418 vindicatum*

895 1484 1007 1553 est
1059 1477 1398 1571 Soloni,
1420 1473 1474 1574 ¹)
1532 1478 1652 1570 qui
1688 1499 1818 1574 per
1855 1475 2299 1584 transfugam
2353 1479 2765 1553 simulatum
2816 1481 3059 1554 hostes
3104 1483 3297 1572 ipsos
3348 1483 3421 1553 in
3474 1483 3576 1553 in·
3626 1475 3632 1484 ’

896 1619 1114 1691 sidias
1169 1618 1396 1691 illicit.
1523 1619 1980 1709 Megarenses
2037 1638 2121 1688 ex
2178 1616 2541 1691 Salamine
2596 1619 2837 1691 insula
2890 1619 3196 1710 profecti
3234 1619 3573 1693 ad'femi-

896 1779 1022 1830 nas
1097 1755 1598 1849 opprimendas
1657 1752 2023 1828 Coliadem
2108 1756 2465 1827 vehuntur
2546 1763 2619 1827 et
2693 1756 2805 1828 hic
2874 1757 2963 1829 ab
3018 1757 3575 1830 Atheniensibus

898 1898 988 1969 ad
1044 1916 1262 1968 unum
1338 1893 1777 1967 occiduntur.
1898 1891 2059 1982 Quo
2114 1890 2295 1965 facto
2353 1890 2713 1966 Salamine
2768 1895 3008 1967 insula
3056 1896 3326 1986 potitur
3380 1893 3572 1974 Solo.

1105 2031 1436 2106 Omnium
1477 2033 1935 2122 scriptorum,
1985 2032 2109 2120 qui
2154 2053 2301 2103 rem
2360 2039 3086 2105 commemoraverunt
3136 2035 3348 2124 longe
3404 2035 3577 2106 anti·

904 2172 1284 2263 quissimus
1325 2139 1438 2243 est
1480 2169 1826 2242 Aeneas
1869 2169 1971 2243 St
1988 2170 2240 2264 ymph
2260 2167 2585 2268 alius.²)
2692 2169 2912 2261 Apud
2968 2193 3127 2244 eum
3166 2172 3385 2261 igitur
3424 2193 3579 2244 nar-

895 2310 1191 2384 rationis
1261 2308 1458 2380 illius
1542 2309 1852 2399 genuina
1927 2306 2159 2379 forma
2234 2307 2642 2396 quaerenda
2698 2314 2831 2380 est.
2947 2305 3092 2379 Iam
3168 2330 3335 2382 vero
3420 2331 3573 2381 eum

901 2447 1156 2520 Aenea
1209 2449 1463 2518 mirum
1512 2451 1851 2536 quantum
1894 2446 2248 2517 consentit
2294 2445 2648 2538 TroguS,
2702 2447 2823 2534 qui
2877 2446 2948 2516 in
3008 2447 3309 2537 singulis
3365 2449 3577 2520 rebus

899 2586 1076 2659 adeo
1156 2585 1400 2658 eadem
1484 2585 1733 2678 tradit,
1819 2589 1902 2656 ut
1965 2583 2123 2655 fieri
2186 2605 2326 2656 non
2376 2585 2625 2676 possit,
2706 2553 3038 2674 quin'‘his
3093 2584 3419 2674 partibus
3474 2605 3579 2656 ar-

893 2725 1165 2797 tissimo
1221 2723 1765 2796 necessitudinis
1803 2722 2085 2795 vinculo
2125 2742 2279 2796 cum
2321 2721 2453 2793 illo
2503 2740 2809 2794 conexus
2840 2723 2956 2796 sit.
3030 2722 3259 2813 Quam
3295 2723 3577 2812 quidem

895 2863 1495 2939 narratiunculam
1579 2883 1620 2935 a
1702 2883 1839 2953 quo
1919 2867 2284 2934 mutuatus
2364 2861 2459 2933 sit
2543 2859 2823 2949 Trogus
2906 2861 3281 2936 nescimus.
3390 2857 3575 2935 Nam

895 3003 1176 3074 etiamsi
1227 3003 1302 3073 in
1357 3003 1765 3075 universum
1849 3001 2131 3091 quidem
2218 2999 2775 3070 demonstratum
2851 2992 3057 3094 est,3)
3143 2982 3451 3089 Trogum
3502 3000 3575 3071 in

823 3152 828 3161 '
895 3140 1331 3215 Graecorum
1393 3142 1606 3213 rebus
1662 3140 2149 3213 describendis
2202 3136 2649 3229 Ephorum
2704 3156 2860 3207 esse
2904 3140 3244 3223 secutum,
3302 3138 3374 3208 in
3417 3158 3582 3209 una·

896 3300 1170 3371 quaque
1251 3285 1456 3374 parte
1512 3280 1642 3352 hoc
1699 3280 2108 3369 neutiquam
2162 3284 2307 3349 tam
2360 3282 2550 3347 certo
2627 3280 2865 3365 potest
2919 3272 3301 3368 adfirmari,
3372 3297 3579 3365 quam

893 3438 1123 3510 nuper
1205 3416 1505 3507 Begem
1531 3401 1810 3488 annus
1885 3414 2051 3487 fecit
2134 3412 2458 3509 (Quaest.
2542 3412 2689 3485 Sol.
2744 3413 2807 3484 II
2891 3434 2961 3503 p.
3038 3414 3190 3505 11).
3321 3410 3575 3502 Neque

901 3556 1088 3629 enim
1167 3556 1399 3627 minus
1469 3557 1539 3626 in
1620 3555 1733 3626 his
1791 3552 2008 3626 rebus
2089 3551 2573 3624 describendis
2629 3550 3274 3641 Theopompum
3355 3553 3639 3643 expri·‘

893 3712 1085 3765 mere
1141 3692 1375 3783 potuit
1427 3691 1727 3781 Trogus.
1841 3687 2283 3778 Quamquam
2341 3689 2668 3778 equidem
2737 3690 2811 3761 in
2866 3690 3046 3762 hanc
3098 3691 3578 3763 narrationem

895 3827 1136 3926 (etiam
1190 3828 1526 3924 proximis
1581 3826 1758 3901 locis
1821 3825 2205 3915 diligenter
2255 3826 2627 3920 inspectis)
2696 3827 3065 3917 inquirens
3131 3825 3579 3901 manifestum

895 3968 1333 4063 Theopompi
1409 3966 1781 4057 vestigium
1847 3965 2187 4058 indagare
2254 3965 2453 4057 potui
2510 3965 2803 4037 nullum.
2915 3968 3245 4039 Attamen
3303 3968 3439 4039 etsi
3496 3988 3579 4039 ex

1107 4260 1171 4341 1)
1264 4258 1459 4342 Apud
1505 4258 1939 4323 Plutarchum
1991 4256 2219 4322 Soloni
2288 4275 2429 4321 rem
2489 4258 2746 4339 gerenti
2806 4275 3030 4322 eomes
3077 4257 3435 4322 adiunctus
3480 4263 3585 4322 est

893 4348 1309 4413 Pisistratum

1101 4434 1175 4510 2)
1271 4428 1488 4514 Quem
1539 4430 1656 4494 IV.
1705 4449 1762 4495 a.
1810 4430 1969 4505 Chr.
2050 4432 2324 4497 saeculo
2388 4430 2655 4513 degisse
2717 4432 2876 4495 satis
2923 4432 3233 4515 probavit
3282 4431 3581 4497 Arnol·

894 4522 1048 4587 dus
1095 4520 1320 4601 Hug
1393 4519 1659 4581 Aeneas
1702 4537 1770 4581 v.
1818 4520 2121 4603 Stymph.
2172 4540 2239 4602 p.
2291 4516 2375 4579 28
2420 4536 2519 4601 sq.

1097 4606 1170 4688 3)
1267 4603 1990 4687 Wolfsgartenus,
2067 4606 2168 4669 De
2236 4604 2487 4687 Ephori
2554 4609 2620 4667 et
2666 4604 2948 4669 Dinonis
2995 4605 3227 4669 histor.
3274 4624 3315 4669 a
3360 4606 3585 4687 Trogo

893 4694 1133 4776 Pomp.
1188 4693 1544 4775 expressis.
1643 4692 1921 4756 Bonnae
1967 4690 2158 4755 1868.
2254 4690 2577 4755 Eiusdem
2622 4693 2995 4755 sententiae
3042 4693 3292 4755 vindex
3336 4694 3586 4756 exstitit

897 4778 1399 4843 Dunckerus
1462 4778 1540 4842 G.
1619 4778 1683 4841 d.
1761 4782 1837 4844 A.
1891 4774 2018 4842 v1⁵
2084 4796 2151 4859 p.
2215 4778 2362 4841 245.
2454 4766 3025 4861 Gompilaveritne
3084 4778 3586 4859 Timagenis

895 4867 1143 4929 serinia
1203 4866 1465 4965 Trogus
1533 4865 1623 4945 (G
1651 4863 2219 4929 utschm1d1us
2288 4864 2959 4931 M.Rh.xxxv11.
3008 4884 3074 4952 p.
3128 4862 3277 4949 548)
3342 4884 3578 4947 necne,

895 4952 1177 5017 scrutari
1225 4953 1290 5014 in
1339 4951 1468 5015 bae
1514 4970 1722 5015 eausa
1770 4951 1932 5014 nihil
1982 4950 2207 5014 refert.
