4057 5790
1925 501 2459 570 -16-:

846 743 1243 818 XXXVIII
1322 766 1389 836 p.
1449 741 1646 841 627).
1759 741 2067 814 Omnino
2146 735 2315 814 vero
2371 739 2673 812 Diodori
2742 737 2868 809 illa
2942 733 3347 814 ἐξέπλευσαν
3414 731 3525 802 καὶ

845 881 954 952 τὸν
1011 886 1216 980 πόρον
1275 879 1519 974 μεταξὺ
1574 877 1955 973 Σαλαμῖνος
2019 879 2129 950 καὶ
2172 870 2576 974 Ἡρακλείου
2650 881 2955 970 κατεῖχον
3033 896 3189 949 cum
3266 872 3521 947 ceteris

844 1020 1266 1094 testimoniis
1323 1019 1436 1092 vel
1491 1019 1750 1110 optime
1802 1023 2107 1109 possunt
2161 1017 2580 1108 consociari,
2636 1017 2697 1088 si
2747 1015 2924 1089 haec
2982 1012 3202 1087 verba
3244 1010 3333 1084 ad
3386 1009 3527 1102 pri-

853 1180 1040 1230 mum
1097 1157 1539 1234 Graecorum
1595 1158 1932 1248 impetum
2017 1154 2413 1242 referimus,
2495 1176 2795 1244 quorum
2870 1134 3239 1226 dexterum
3311 1167 3526 1222 cornu

847 1319 1150 1391 pugnam
1205 1287 1451 1368 iniisse
1489 1300 1821 1368 ¹constat.
1849 1289 1901 1386 ¹)
2007 1293 2257 1383 Itaque
2334 1314 2422 1364 ne
2500 1292 2853 1364 levissima
2928 1291 3211 1379 quidem
3286 1286 3534 1359 subest

847 1455 1078 1528 causa,
1119 1455 1244 1510 cur
1284 1436 1370 1507 de
1406 1435 1604 1525 gravi
1645 1453 1721 1507 ac
1758 1433 2058 1524 simplici
2098 1431 2221 1504 He
2248 1454 2339 1504 ro
2363 1432 2407 1503 d
2431 1431 2559 1502 oti
2596 1431 3001 1502 narratione
3052 1429 3529 1502 deflectamus,

850 1571 1004 1648 Nec
1044 1592 1378 1646 noncum
1425 1595 1510 1644 eo
1563 1574 1919 1646 consentit
1967 1572 2089 1662 qui
2125 1573 2279 1663 ipse
2321 1591 2596 1666 pugnae
2634 1569 2961 1642 interfuit
3013 1567 3529 1661 Aeschylus.

1062 1711 1584 1807 Comprobatur
1629 1717 1860 1784 autem
1903 1732 2183 1802 pugnae
2226 1708 2657 1783 Salaminiae
2701 1709 3086 1801 descriptio
3125 1707 3539 1816 Herodotea

860 1852 969 1922 vel
1009 1849 1415 1923 felicissima
1445 1848 1892 1940 Lollingii
1929 1850 2444 1922 emendatione.
2504 1848 2915 1922 Herodotus
2961 1848 3250 1942 PersaS,
3303 1847 3541 1920 fallaci

861 1987 1360 2063 Themistoclis
1415 1988 1708 2062 consilio
1757 1988 2026 2081 audito,
2084 1995 2162 2060 ut
2193 1985 2505 2060 Graecos
2541 1989 2613 2059 in
2658 1989 2813 2079 ipso
2849 1986 3031 2061 freto
3071 1988 3541 2084 includerent,

857 2127 986 2199 hac
1065 2149 1226 2199 usos
1309 2147 1465 2199 esse
1536 2126 2052 2199 machinatione
2117 2129 2425 2199 testatur
2476 2125 2675 2200 VIII.
2740 2127 2877 2198 76:
2952 2125 3191 2222 ἐπειδὴ
3261 2125 3544 2219 ἐγίνοντο

860 2264 1061 2356 μέσαι
1113 2264 1359 2346 νύκτες,
1442 2263 1684 2361 ἀνῆγον
1755 2241 1886 2358 ’μὲν
1971 2264 2047 2334 τὸ
2104 2257 2214 2334 ἀπ’
2278 2263 2571 2362 ἑσπέρης
2636 2255 2845 2361 ’κέρας
2914 2262 3338 2357 κυκλούμενοι
3383 2262 3549 2359 πρὸς

859 2402 979 2501 τὴν
1029 2400 1482 2496 Σα-λαμῖνα
1528 2399 1800 2500 (ἀνῆγον
1851 2402 1925 2472 δὲ
1977 2405 2037 2473 οἱ
2104 2402 2272 2498 ἀμφὶ
2322 2404 2441 2500 τὴν
2501 2395 2717 2471 Κέον
2766 2427 2839 2472 τε
2892 2402 3001 2472 καὶ
3054 2402 3173 2498 τὴν
3226 2395 3552 2471 Κυνόσ-

865 2541 1077 2637 ουρζα
1105 2567 1136 2608 ν
1215 2537 1632 2638 τεταγμένοι)
1713 2545 2017 2635 κατεῖχον
2103 2538 2177 2610 δὲ
2280 2541 2475 2638 μέχρι
2566 2535 2935 2637 Μουνιχίης
2962 2538 3023 2632 ²)
3133 2541 3352 2611 πάντα
3444 2538 3553 2608 τὸν

873 2675 1175 2775 πορθμὸν
1222 2677 1375 2773 τῇσι
1429 2679 1640 2774 νηυσί.
1750 2676 1927 2750 Cum
1978 2679 2093 2750 his
2151 2680 2211 2751 si
2266 2682 2595 2771 super-ius
2655 2680 3005 2754 Herodoti
3074 2681 3553 2754 testimonium

866 2815 1101 2915 (VIII.
1141 2813 1274 2915 85)
1313 2837 1824 2910 comparamuS,
1880 2817 2251 2890 dexterum
2314 2817 2696 2891 Persarum
2766 2838 2983 2892 cornu
3064 2817 3106 2888 ἀ
3136 2844 3184 2913 μ
3213 2816 3311 2915 φὶ
3384 2818 3555 2917 τὴν

867 2949 1135 3037 Κέον,
1223 2955 1590 3029 sinistrum
1672 2979 1858 3036 vero,
1932 2955 2161 3052 ἀμφὶ
2240 2956 2393 3055 τὴν
2473 2950 3061 3055 Κυνόσουραν
3142 2960 3555 3035 collocatum

868 3092 1089 3167 fuisse
1148 3096 1468 3186 adparet.
1587 3095 1733 3171 Sed
1789 3096 1963 3187 quid
2013 3096 2145 3169 hoc
2200 3096 2354 3169 loco
2411 3096 2656 3169 Ceus
2707 3100 2979 3191 insula,
3058 3120 3238 3189 quae
3283 3100 3356 3171 in
3407 3104 3560 3171 tota

867 3231 997 3304 hac
1098 3235 1508 3306 narratione
1584 3232 1758 3306 ferri
1834 3235 2129 3306 omnino
2203 3236 2499 3323 nequit?
2588 3235 2913 3310 Dimovit
2998 3236 3557 3310 luculentissime

873 3369 1362 3444 dIfficultatem
1419 3372 1943 3466 Lollingius,
2003 3392 2159 3445 cum
2197 3364 2474 3465 KEON‚
2527 3374 2712 3462 quod
2782 3381 3033 3466 aperte
3100 3375 3558 3465 depravatum

1032 3578 1081 3583 —.
1104 3578 1276 3587 -.---—-.

1075 3682 1141 3763 1)
1238 3682 1486 3746 Aesoh.
1539 3682 1725 3747 Pers.
1775 3684 1939 3747 399:
2005 3689 2075 3749 τὸ
2120 3688 2324 3770 δέξιον
2366 3694 2476 3770 μὲν
2520 3692 2762 3771 πρῶτον
2804 3691 3100 3769 εὗτιέκτως
3142 3696 3321 3775 κέρας
3365 3690 3557 3775 ἣγεῖτο

877 3766 1110 3855 κόσμῳ.
1164 3765 1356 3851 Quae
1379 3770 1505 3832 sibi
1541 3771 1949 3851 Breitung
1973 3792 2059 3835 us
2108 3772 2185 3834 N.
2219 3774 2445 3839 Jahrb.
2480 3778 2523 3839 f.
2562 3776 2800 3842 Philol.
2855 3779 3023 3842 1884
3058 3800 3116 3861 p.
3151 3778 3282 3847 859
3317 3780 3445 3842 hac
3476 3780 3559 3840 de

879 3875 949 3919 re
999 3858 1359 3937 persuasit,
1412 3857 1700 3938 probare
1746 3875 2033 3939 nequeo.
2087 3857 2262 3923 Nam
2297 3861 2476 3941 quod
2508 3862 2624 3926 ille
2656 3870 2866 3928 totam
2900 3864 3313 3930 Graecorum
3344 3866 3560 3928 aciem

889 3941 1102 4024 primo
1135 3941 1200 4002 in
1249 3943 1394 4024 ipso
1442 3944 1611 4006 freto
1659 3942 2088 4025 collocatam,
2138 3966 2288 4009 cum
2326 3966 2552 4029 pugna
2596 3951 2939 4033 inciperet,
2992 3952 3075 4015 ad
3112 3952 3561 4015 meridianum

877 4028 1133 4091 exitum
1181 4047 1256 4091 se
1303 4030 1718 4093 convertisse
1766 4032 1970 4111 ponit,
2022 4031 2151 4094 hoc
2208 4050 2333 4096 nec
2380 4036 2701 4117 scriptum
2748 4038 2855 4101 est
2902 4056 3187 4119 usquam
3236 4056 3360 4102 nee
3405 4056 3557 4100 cum

878 4117 997 4196 eis,
1053 4130 1228 4193 quae
1273 4116 1526 4197 scripta
1574 4122 1751 4196 sunt,
1805 4118 2118 4181 concinit.

1078 4200 1154 4278 2)
1245 4198 1649 4283 conspirant
1682 4220 1953 4284 prorsus
2001 4223 2157 4268 cum
2202 4205 2304 4269 his
2342 4224 2509 4289 quos
2543 4210 2821 4273 exhibet
2867 4211 3132 4277 Herod
3156 4219 3349 4277 otus
3380 4212 3552 4276 VIII.

869 4286 953 4349 77
1001 4288 1257 4353 oraculi
1309 4296 1574 4351 versus:

1443 4374 1614 4438 Ἀλλ’
1661 4376 1808 4441 ὅταν
1843 4378 2205 4464 Ἀρτέμιδος
2238 4382 2578 4469 χρυσαόρου
2622 4382 2784 4467 ἱερὸν
2830 4384 3013 4467 ἀκτήν

1455 4466 1622 4540 νηυσὶ
1663 4464 2063 4547 γεφυρώσωσι
2108 4475 2211 4532 καὶ
2252 4472 2513 4548 εἰναλίην
2558 4472 2949 4557 Κυνόσουραν

1457 4545 1658 4610 ἐλπίδι
1697 4557 2026 4645 μαινομένῃ
2070 4558 2336 4640 λιπαρὰς
2380 4560 2712 4635 πέρσαντες
2747 4558 3025 4639 Ἀθήνας

887 4632 1081 4714 Quod
1131 4632 1482 4724 oraculurn
1521 4634 1815 4721 ἐναργέως
1857 4643 2089 4721 λέγοντι
2132 4640 2362 4703 Βάκιδι
2409 4643 2822 4726 adscriptum
2858 4654 3003 4721 post
3025 4666 3321 4729 pugnam
3348 4650 3561 4731 ipsam

889 4722 1337 4803 compositum
1387 4738 1536 4783 esse
1585 4742 1784 4787 nemo
1831 4726 2127 4805 negabit.
2219 4727 2479 4791 Dianae
2523 4724 2685 4811 ἱερὸς
2728 4728 2877 4809 ἅκτῆ
2922 4732 3345 4799 Munichia
3390 4735 3563 4800 scili·

874 4814 982 4869 cet
1053 4812 1152 4869 est
1237 4808 1653 4891 paeninsula,
1738 4810 1850 4874 ubi
1927 4810 2101 4874 deae
2182 4813 2499 4895 templum
2573 4815 2729 4879 olim
2800 4817 3185 4883 condidisse
3228 4823 3565 4886 ferebatur

877 4892 1250 4956 MunichuS.
1351 4890 1539 4959 Suid.
1595 4915 1646 4957 s.
1706 4894 2140 4983 ν.”Εμβαρος.
