4057 5790
1563 566 2128 638 -119-

514 824 788 878 merum
879 803 966 878 de
1059 807 1425 901 superiore
1507 806 1946 881 detrahimus
1969 864 1988 894 ‚
2088 809 2181 879 49
2276 807 2445 880 anni
2530 806 2975 902 efficiuntur,
3063 809 3185 900 qui

512 943 726 1034 plane
774 944 1213 1035 respondent
1291 945 1387 1015 49
1437 946 1666 1039 annis,
1742 966 1923 1036 quos
1978 941 2261 1040 Alyatti
2340 947 2495 1036 regi
2548 946 2879 1020 tribuunt
2930 947 3187 1021 chro-

513 1081 939 1172 nographi
993 1076 1416 1178 (Eusebiae,
1471 1079 1900 1176 Syncellus,
1953 1079 2369 1180 Barbarus).
2504 1083 2695 1157 Hinc
2748 1091 2985 1159 autem
3043 1107 3181 1177 qua

513 1219 788 1292 ratione
873 1221 1246 1293 marmoris
1312 1226 1557 1294 auctor
1614 1222 1690 1294 in
1762 1221 2201 1314 temporibus
2278 1221 2762 1297 describendis
2840 1245 3011 1298 usus
3090 1225 3187 1298 sit

513 1357 630 1430 vel
683 1358 948 1449 optime
1029 1361 1367 1433 cernitur.
1474 1357 1630 1434 Nec
1691 1382 1833 1434 non
1906 1360 1978 1433 id
2052 1363 2418 1453 perspexit
2468 1360 3001 1448 Boeckhius,
3061 1363 3183 1453 qui

507 1495 876 1570 adnotavit
945 1496 1158 1570 haece
1231 1494 1313 1570 O.
1371 1499 1425 1575 Ι.
1479 1496 1570 1571 Gr.
1625 1499 1690 1569 11
1755 1519 1828 1590 p.
1887 1498 2073 1570 317:
2184 1499 2389 1592 ,Sane
2449 1499 2681 1570 Noster
2738 1509 2971 1592 requm‘
3028 1525 3185 1593 quas

515 1649 696 1706 notat
747 1635 1022 1728 epochas
1069 1636 1158 1706 ab
1205 1636 1390 1706 initio
1443 1659 1787 1728 reynerum
1841 1640 2039 1708 sumit
2047 1662 2075 1727 3
2130 1654 2191 1708 et
2248 1637 2471 1710 Croesi
2516 1639 2773 1710 inicium
2824 1639 2925 1709 hio
2974 1639 3189 1731 siqni-

499 1773 698 1865 ficcm’
735 1773 1146 1844 statuendum
1198 1775 1461 1844 omnino
1517 1791 1637 1846 est:
1687 1777 1810 1860 sed,
1846 1778 2063 1868 potuit
2110 1779 2227 1848 hoc
2253 1777 2483 1848 Noster
2516 1779 2607 1847 ita
2655 1783 2887 1872 facere,
2944 1792 3017 1847 ut
3050 1777 3184 1846 ali-

509 1910 671 2004 quid
717 1925 1096 2006 annuemus
1142 1913 1316 2004 quod
1357 1913 1545 1983 initio
1598 1914 1786 2003 requi
1829 1913 2074 2003 fecisset
2132 1911 2437 1984 Croesus‘
2507 1908 2622 2011 <Id
2684 1914 2873 2004 quod
2932 1934 3181 2005 parum

509 2048 826 2140 respexit
902 2045 1330 2124 Steinius
1403 2047 1439 2096 ⁵
1517 2051 1607 2124 ad
1688 2048 1963 2124 Herod.
2046 2052 2113 2144 Ι,
2170 2041 2324 2156 53).
2452 2050 2573 2124 Ad
2655 2053 2886 2147 ipsum
2962 2051 3185 2142 igitur

514 2183 764 2260 Croesi
815 2188 1356 2263 consultationis
1406 2195 1683 2285 tempus
1732 2189 1895 2264 hinc
1971 2189 2223 2263 adfluit
2296 2211 2593 2282 prorsus
2642 2190 2887 2263 mihil:
2967 2191 3186 2264 immo

508 2327 597 2402 ol.
657 2326 779 2419 56,
834 2327 883 2399 2
933 2361 1036 2386 z
1086 2321 1320 2422 556l5
1376 2347 1536 2400 eum
1591 2327 1940 2418 significat
1992 2349 2281 2422 annum,
2362 2330 2453 2402 ad
2530 2350 2739 2420 quem
2792 2327 3179 2406 Marmoris

508 2470 752 2539 auctor
800 2463 1055 2540 Croesi
1107 2487 1144 2538 r
1171 2467 1380 2557 egni
1433 2465 1714 2540 initium
1769 2467 2146 2540 revocavit.

713 2602 994 2697 Anum,
1033 2605 1146 2681 cui
1172 2606 1335 2699 ipsa
1362 2603 1685 2680 Sardiu
1708 2626 1774 2678 m
1817 2606 2248 2698 expugnatio
2284 2606 2659 2697 adsignata
2686 2611 2865 2701 erat,
2895 2607 2965 2678 in
2995 2605 3189 2680 Mar·

503 2763 697 2816 more
751 2744 1124 2816 mutilatus
1187 2749 1321 2837 est,
1389 2766 1500 2838 ep.
1557 2745 1701 2816 42:
1768 2744 1884 2840 ἀφ’
1941 2742 2020 2814 οὒ
2074 2737 2366 2842 Κροῖσος
2434 2744 2469 2813 ὁ
2532 2737 2813 2840 Περσῶν
2878 2740 3187 2844 βασιλεὺς

500 2875 776 2977 Σάρδεις
830 2877 1038 2982 ἔλαβε
1088 2881 1200 2953 καὶ
1257 2875 1546 2981 Κροῖσον
1599 2881 1876 2955 onon.
2005 2879 2153 2957 Sed
2210 2881 2403 2957 Oro
2434 2904 2471 2957 e
2501 2903 2673 2957 sus
2735 2887 2907 2975 quot
2961 2904 3184 2959 annos

507 3021 938 3113 regnaverit,
1019 3021 1403 3113 scriptores
1466 3023 1678 3114 plane
1733 3023 2233 3100 consentiunt:
2338 3021 2861 3113 chronographi
2940 3040 3185 3093 omnes

508 3156 922 3252 (EusebiuS‚
977 3158 1368 3253 Barbarus,
1442 3162 1626 3236 duae
1680 3164 1904 3237 series
1957 3183 2231 3255 regum,
2299 3149 2713 3264 Syncellus)
2800 3160 2894 3231 15
2960 3178 3185 3232 annos

507 3296 1014 3392 ei'vindicant‚
1093 3320 1277 3373 unus
1331 3298 1750 3375 Herodotus
1825 3303 1942 3374 14.
1971 3297 2019 3398 ¹)
2122 3297 2267 3374 Sed
2318 3300 2493 3375 haec
2546 3299 3037 3390 discrepantia
3086 3296 3186 3369 fa·

511 3434 772 3510 cillime
829 3458 916 3509 ex
970 3437 1252 3513 diversa
1299 3440 1576 3513 ratione
1637 3438 2089 3531 computandi
2143 3438 2535 3530 explicatur
2588 3432 2760 3534 (non
2802 3436 2969 3509 inde
3000 3436 3189 3526 quod

506 3573 924 3677 Herodotus
980 3596 1210 3649 annos
1267 3578 1633 3650 naturales
1715 3578 1783 3649 h.
1841 3598 1904 3649 e.
1955 3597 2125 3649 vere
2192 3576 2622 3668 incipientes
2678 3574 3187 3667 numeraverit,

511 3713 1030 3809 chronographi
1068 3714 1382 3791 Atticos:
1439 3712 1886 3807 UngeruS‚
1941 3712 2292 3805 Kyaoeares
2354 3735 2421 3806 p.
2443 3708 2647 3811 258).
2752 3710 3003 3803 Itaque
3043 3733 3183 3784 non

506 3856 642 3943 est,
695 3868 818 3925 cur
871 3852 960 3925 de
1016 3851 1172 3945 hoc,
1227 3874 1435 3944 quem
1491 3874 1732 3927 omnes
1787 3852 2173 3943 scriptores
2219 3873 2360 3924 uno
2418 3872 2540 3923 ore
2586 3850 3017 3963 retulerunt,
3062 3872 3187 3924 nu·

510 4010 704 4063 mero
759 3989 1189 4084 dubitemus,
1245 3993 1664 4083 praesertim
1724 4011 1880 4065 cum
1936 3991 2022 4064 de
2062 3990 2218 4083 ipso
2260 4011 2587 4083 supremo
2624 3984 2985 4083 Lydorum
3014 4008 3185 4079 rege

505 4126 806 4139 ——--————--·—

716 4195 786 4274 1)
844 4193 1163 4261 Herodoti
1227 4196 1438 4265 verba
1481 4194 1533 4278 1,
1597 4193 1717 4259 86:
1819 4189 1906 4259 Οἱ
1956 4196 2033 4283 δὲ,
2070 4196 2316 4281 Πέρσαι
2356 4191 2466 4269 τάς
2507 4216 2574 4259 τε
2618 4194 2693 4275 δὴ
2736 4190 2967 4275 Σάρδις
3008 4191 3189 4276 ἔσχον

506 4284 608 4347 καὶ
647 4278 830 4347 abror
869 4282 1141 4367 Κροῖσον
1184 4280 1544 4367 ἐζώγρησαν,
1603 4279 1870 4369 ἔρξαντα
1917 4278 2059 4345 ἔτεα
2113 4280 2665 4363 τεσσαρεσκαίδεκα
2716 4285 2819 4344 καὶ
2860 4298 3191 4367 τεσσαρεσ-

505 4369 760 4433 καίδεκα
817 4364 1040 4453 ἡμέρας
1085 4372 1569 4456 πολιορκηθέντα
1616 4388 1766 4433 cum
1814 4366 1954 4451 alii,
2005 4373 2147 4432 tum
2196 4367 2730 4448 Biidingerus
2776 4364 2816 4432 l.
2853 4366 2898 4432 l.
2946 4386 3007 4449 p.
3056 4367 3185 4429 205

506 4456 630 4519 214
682 4459 750 4519 et
797 4452 1227 4539 nivei-sius,
1299 4455 1438 4519 Das
1507 4452 2085 4543 Emporkommen
2146 4453 2210 4520 d.
2278 4453 2464 4519 Pers.
2538 4454 2765 4517 Maeht
2828 4473 2895 4539 p.
2938 4454 3020 4518 24
3090 4454 3186 4516 ita

508 4543 1052 4624 interpretantur,
1113 4547 1189 4605 ut
1249 4542 1410 4605 inde
1455 4539 1782 4607 Croesum
1833 4543 1908 4607 14
1959 4559 2173 4605 annos
2221 4540 2750 4624 totidemque
2820 4540 3011 4605 dies
3082 4556 3181 4603 re-

506 4610 1299 4711 gnavisse-concludant.
1351 4626 1546 4710 Quod
1593 4647 1727 4713 quo
1771 4630 1915 4694 iure
1961 4629 2105 4693 fieri
2148 4627 2355 4693 lieeat
2394 4626 2707 4710 equidem
2755 4644 3183 4713 nequaquam

505 4712 856 4797 intellego.
938 4712 1211 4799 (Confer
1251 4715 1516 4779 initium
1565 4716 1775 4795 e.84).
1867 4714 2128 4779 Eodem
2173 4720 2399 4780 autem
2446 4714 2619 4779 redit
2662 4714 2843 4797 quod
2892 4712 3183 4777 Busol·

511 4803 638 4866 tius
687 4799 804 4866 Gr.
839 4800 915 4866 G.
943 4800 1230 4885 Ip.332
1275 4806 1408 4867 toto
1455 4801 2002 4869 Mermnaderum
2048 4819 2258 4883 regno
2309 4800 2434 4867 170
2476 4818 2693 4867 annos
2736 4806 2807 4865 et
2866 4798 2949 4863 14
2996 4799 3181 4865 dies

509 4885 844 4971 adsignat.
931 4888 1082 4954 Nee
1125 4890 1344 4971 magis
1392 4907 1494 4971 ea,
1545 4906 1724 4974 quae
1769 4889 2151 4956 Steinius
2182 4884 2219 4927 ἱ
2254 4888 2342 4955 ad
2386 4887 2643 4953 Herod.
2690 4887 2745 4967 Ι,
2796 4886 2880 4950 86
2925 4886 3053 4950 hae
3096 4886 3183 4951 de
3326 4900 3337 4905 “

509 4992 584 5040 re
628 4974 982 5041 adnotavit
1023 4976 1466 5060 comprobare
1510 4994 1808 5061 possum.
