4057 5790
1578 555 2091 623 ...57—

493 798 1035 890 Megarensium
1116 796 1282 871 huic
1355 795 1754 868 narrationi
1817 801 2292 886 opponerent,
2374 799 2539 868 tunc
2611 793 2951 866 habuisse
3032 817 3177 867 non

489 936 847 1010 videntur.

701 1073 1151 1164 Quamquam
1199 1091 1286 1142 ex
1313 1091 1454 1162 quo
1493 1077 1780 1143 auctore
1832 1068 2328 1176 ‘Pausanias
2365 1067 2905 1161 Megarensium
2960 1072 3177 1145 tradi-

491 1213 758 1284 tionem
834 1209 1298 1302 exscripserit
1346 1208 1720 1279 nescimns.
1831 1203 1980 1280 Sed
2058 1207 2250 1278 haud
2332 1208 2477 1281 scio
2559 1229 2647 1279 an
2702 1210 2807 1281 ita
2870 1212 3175 1284 multum

493 1348 958 1439 lucraremur,
997 1348 1058 1418 si
1105 1347 1260 1418 eius
1314 1346 1798 1419 testimonium
1849 1363 2003 1419 cum
2060 1354 2257 1419 certo
2308 1344 2547 1439 aliquo
2619 1351 2901 1421 nomine
2950 1347 3181 1440 (velut

500 1483 782 1557 Hereae
836 1484 953 1558 vel
1005 1481 1490 1568 Dieuchidae)
1535 1461 1804 1554 'sociari
1855 1483 2129 1554 liceret.
2202 1485 2366 1574 Ipsa
2416 1488 2844 1558 narratione
2884 1509 3183 1578 prorsus

493 1621 670 1696 nihil
730 1623 1162 1712 continetur,
1213 1620 1289 1691 in
1343 1639 1488 1710 quo
1535 1617 2035 1692 offendendum
2077 1620 2174 1694 sit
2210 1641 2341 1695 nec
2390 1623 2598 1695 video
2648 1643 2773 1698 cur
2828 1646 2935 1715 ea,
2992 1646 3178 1716 quae

493 1757 963 1849 Megarenses
1015 1757 1398 1830 memoriae
1451 1756 1946 1850 prodiderunt,
2024 1779 2166 1828 non
2242 1758 2488 1830 eodem
2557 1762 2713 1832 iure
2771 1779 3182 1834 recensean-

499 1906 638 1981 tur,
729 1903 950 1986 atque
1006 1892 1558 1966 Atheniensium
1646 1897 1960 1985 ipsorum
2042 1895 2521 1968 narrationes,
2618 1895 3183 1974 ‘Bohrenins

502 2034 782 2124 quidem
829 2035 882 2104 l.
936 2033 986 2106 l.
1040 2022 1111 2126 p
1163 2033 1310 2104 189
1385 2029 1474 2102 de
1553 2031 1691 2104 hac
1769 2051 1848 2102 re
1927 2031 2325 2122 praedicat:
2407 2031 2784 2123 ,Dagegen
2863 2037 2957 2108 ist
3040 2058 3178 2111 von

503 2191 631 2264 gar
683 2171 966 2243 keinem
1025 2167 1378 2261 Gewicht,
1421 2191 1564 2242 was
1613 2167 2101 2242 Pausanias
2153 2168 2531 2262 berichtet,
2582 2171 2902 2245 dass-die
2930 2173 3182 2266 Mega·

509 2329 762 2380 renser
815 2307 1208 2392 erziihltem
1267 2305 1694 2379 Verbannte
1747 2327 1883 2379 von
1939 2306 2159 2378 ihnen
2214 2309 2413 2378 seien
2463 2330 2551 2379 zu
2590 2308 2725 2380 den
2764 2310 3177 2385 Kleruchen

513 2467 650 2517 von
701 2443 1008 2517 Salamis
1063 2445 1483 2534 gekommen
1530 2443 1676 2514 und
1730 2443 1978 2516 hatten
2037 2442 2178 2515 den
2215 2443 2596 2517 Athenern
2649 2446 2763 2519 die
2806 2449 2995 2523 Insel
3033 2471 3193 2523 ver-

387 2583 400 2597 ‘
502 2586 783 2657 rathen.
881 2582 1098 2655 Denn
1155 2581 1322 2654 dass
1379 2582 1496 2653 die
1542 2579 2039 2673 Megarenser,
2094 2601 2211 2652 um
2265 2581 2422 2653 ihre
2474 2580 3036 2677 Niederlage
3091 2613 3181 2662 zu

509 2722 1012 2810 beschonigem
1067 2741 1157 2791 zu
1207 2721 1409 2792 einer
1461 2719 1747 2792 solchen
1801 2717 2139 2792 Ausrede
2214 2719 2375 2791 ihre
2433 2717 2764 2796 Znflucht
2841 2727 3182 2819 nahmen,

501 2865 606 2936 ist
634 2860 965 2951 garnicht
991 2879 1078 2931 zu
1117 2858 1638 2933 verwundern.‘
1723 2855 1872 2931 Sed
1919 2833 2319 2948 quamnam⁵
2349 2879 2615 2949 quaeso
2668 2859 2992 2934 cladem
3030 2861 3184 2937 Me-

504 3022 842 3094 garenses
896 3000 1069 3074 ficta
1123 2999 1527 3091 proditione
1583 2992 1960 3071 velarent?
2011 2992 2273 3068 Nonne
2315 3017 2435 3067 eos
2470 2997 2663 3089 ipsos
2718 2998 2808 3069 ad
2859 3000 2932 3073 id
2986 3001 3181 3075 bello

505 3158 787 3228 semper
868 3135 1316 3226 susperiores
1403 3133 1841 3216 discessisse,
1917 3154 2162 3204 omnes
2235 3134 2695 3206 consentiunt
2741 3134 3183 3227 scriptores?

502 3278 616 3346 An
654 3272 1064 3345 Bohrenins
1101 3270 1191 3343 de
1227 3292 1306 3345 re
1345 3268 1820 3343 Eleusinia
1867 3269 2251 3358 cogitavit?
2298 3268 2474 3343 Non.
2514 3270 2782 3343 debuit.
2836 3270 3029 3344 Nam
3060 3272 3186 3347 Sa-

501 3412 764 3485 lamine
823 3408 1316 3482 Athenienses
1369 3408 1570 3501 prius
1621 3408 1886 3501 potitos
1935 3428 2141 3499 esse,
2214 3427 2421 3496 quam
2476 3405 2851 3483 Pisistrati
2904 3409 3033 3482 illa
3084 3410 3184 3487 fa-

510 3550 756 3622 cinora
808 3547 1219 3635 ederentur,
1274 3552 1599 3636 apertum
1645 3550 1779 3615 est.
1903 3512 2451 3615 Bo'hrenium
2509 3545 2730 3635 igitur
2782 3545 2934 3618 ulla
2984 3553 3187 3639 parte

503 3684 912 3759 Pausaniae
961 3682 1446 3761 testimonium
1495 3681 1934 3753 imminuisse
1987 3702 2435 3771 nequaqnam
2487 3684 2815 3757 concedo.

711 3825 856 3894 Iam
907 3842 1080 3891 vero
1131 3820 1196 3891 si
1223 3816 1757 3907 Megarensium
1793 3817 1923 3888 illa
1963 3817 2304 3889 memoria
2333 3819 2675 3891 historiae
2706 3819 2845 3893 fide
2875 3841 3188 3913 compro·

505 3963 740 4054 batur,
802 3958 1170 4048 habemus,
1231 3976 1359 4030 cur
1385 3953 1986 4027 Athenienses
2024 3976 2143 4029 res
2179 3957 2271 4027 ad
2307 3957 2531 4046 ipsam
2571 3954 2955 4029 Salaminis
2992 3978 3189 4034 occu-

509 4102 870 4194 pationem
919 4104 1332 4188 spectantes
1403 4082 1546 4165 'non
1603 4092 2121 4184 evulgaverint.
2242 4091 2485 4182 Atque
2556 4094 2964 4167 illustratur
3024 4096 3189 4171 hinc

513 4238 626 4310 vel
707 4236 850 4309 alia
910 4256 1055 4325 res,
1139 4253 1320 4324 quae
1382 4232 1522 4304 nisi
1584 4227 1986 4303 Pausaniae
2044 4202 2525 4303 narrationem
2570 4230 3024 4324 haberemus,
3074 4235 3189 4306 vix

507 4381 756 4467 posset
807 4371 1167 4464 explicari.
1263 4368 1566 4445 Constat
1616 4375 1844 4461 totum
1888 4367 2159 4442 bellum
2212 4368 2315 4441 ita
2365 4370 2821 4462 compositum
2872 4392 3057 4464 esse,
3110 4381 3193 4445 ut

506 4513 898 4603 quinque
949 4502 1640 4583 Lacedaemonii
1697 4506 1957 4579 arbitri
2013 4508 2652 4600 constituerentur,
2736 4508 2857 4598 qui
2906 4509 3188 4599 utrique

506 4650 772 4727 civitati
815 4648 1008 4741 pacis
1061 4646 1512 4722 condiciones
1546 4646 1892 4719 dicerent.
1919 4640 1975 4735 ¹)
2084 4643 2245 4734 Quo
2282 4644 2587 4715 arbitrio
2625 4640 3189 4717 Atheniensibus

713 4850 776 4936 1)
862 4850 1039 4915 Plut.
1077 4846 1217 4916 Sol.
1257 4850 1378 4913 10:
1480 4849 1710 4927 Ταύτην
1791 4850 1898 4926 τὴν
1967 4849 2137 4925 δίκην
2200 4844 2490 4908 ἐδίκασαν
2548 4846 2955 4929 Σπαρτιατῶν
3012 4851 3191 4912 πέντε

509 4934 743 5021 ἄνδρες,
791 4937 1227 5021 Κριτολαίδας,
1285 4934 1777 5019 Ἀμομφάρετος,
1833 4931 2209 5017 ιΥψηχίδας,
2244 4934 2594 5015 Ἀναξίλας,
2638 4934 2999 5015 Κλεομένης.
3090 4934 3190 4996 De

2730 5056 2765 5107 9
