4057 5790
1982 578 2117 608 .--
2248 539 2557 614 68-

943 769 1032 841 ad
1083 770 1243 861 ipsa
1295 769 1598 844 Homeri
1650 773 1964 846 carmina
2007 794 2148 847 non
2188 733 2592 866 adspirasse
2632 776 2986 852 videntur.
3092 774 3323 852 Nemo
3363 779 3611 852 saltem

941 907 1167 982 adhuc
1221 909 1374 983 eius
1428 911 1711 1002 generis
1761 911 2158 986 studiorum
2214 914 2516 1004 vestigia
2579 915 2653 986 in
2722 915 2819 988 iis
2900 915 3200 992 detexit.
3326 915 3470 1008 Qui
3539 917 3612 989 in

938 1044 1048 1118 his
1101 1043 1658 1122 Atheniensium
1713 1047 1973 1123 fabulis
2028 1052 2299 1148 primas
2354 1058 2599 1144 agunt,
2654 1053 2915 1126 Thesei
2968 1053 3099 1126 filii
3171 1052 3609 1130 Acamas

940 1188 1013 1258 et
1092 1183 1322 1257 Dem
1355 1188 1688 1279 ophon
1724 1245 1741 1278 ,
1813 1187 2133 1264 Homero
2213 1191 2441 1283 ign‘oti
2520 1198 2709 1265 sunt.
2758 1188 2805 1282 ¹)
2930 1194 3305 1288 Apparent
3395 1194 3449 1265 ii
3534 1194 3607 1264 in

937 1320 1243 1416 cyclicis
1297 1327 1606 1421 demum,
1673 1349 1852 1419 quae
1907 1335 2271 1424 vocantur,
2322 1331 2695 1423 poematis.
2820 1328 2928 1404 Ac
2998 1330 3410 1404 referuntur
3462 1331 3607 1422 qui-

933 1461 1089 1534 dem
1139 1466 1399 1559 omnia,
1460 1487 1638 1557 quac
1695 1467 1782 1540 ad
1833 1487 1956 1541 eos
2008 1469 2378 1561 pertinent
2422 1469 2707 1542 illorum
2763 1470 3152 1542 carminum
3206 1468 3606 1560 fragmenta

931 1600 1312 1694 (quantum
1369 1606 1693 1695 equidem
1763 1606 2083 1679 inveni-re
2143 1603 2374 1704 potui)
2438 1607 2529 1679 ad
2589 1606 3265 1701 Iliupcrsidem:
3336 1629 3425 1682 ex
3475 1608 3602 1681 hoc

931 1744 1244 1816 carmine
1283 1722 1886 1836 Lysimachus
1941 1751 2229 1820 auctore
2277 1744 2475 1818 nullo
2511 1746 2802 1820 laudato
2841 1747 2979 1820 duo
3030 1752 3304 1819 tantum
3346 1747 3601 1821 recitat

927 1903 1200 1978 versus,
1256 1883 1328 1956 in
1386 1883 1642 1973 quibus
1697 1884 1969 1957 Thesei·
2011 1883 2140 1957 filii
2196 1883 2285 1957 ab
2330 1886 2863 1976 Agamemnone
2918 1885 3253 1977 praemiis
3292 1883 3597 1957 afficiun-

922 2027 1062 2094 tur.
1101 2016 1174 2112 ²)
1287 2019 1508 2095 Alter
1573 2023 1768 2096 locus
1841 2023 2025 2117 apud
2094 2022 2723 2097 Pausaniam
2796 2018 2915 2120 (Χ,
2970 2025 3068 2095 25
3126 2018 3266 2120 sq.)
3340 2029 3594 2116 exstat,

920 2159 1042 2250 qui
1111 2160 1259 2254 (vel
1337 2160 1573 2252 potius
1653 2163 1805 2235 eius
1902 2159 2177 2260 auctor)
2212 2158 2275 2258 ²3)
2347 2160 2806 2236 Acamantem
2886 2167 2959 2235 et
3025 2160 3594 2256 Demophontem

1133 2466 1208 2546 1)
1271 2466 1454 2531 Vidit
1500 2469 1628 2532 hoc
1672 2469 1805 2531 iam
1854 2467 2219 2533 scholiasta
2260 2467 2342 2532 ad
2393 2468 2596 2553 Soph.
2648 2467 2819 2538 Phil.
2869 2467 3030 2533 562:
3110 2471 3359 2548 Θησέως
3400 2466 3589 2556 κόροι.

910 2552 1188 2638 Ἀκάμας
1229 2559 1333 2616 καὶ
1381 2556 1704 2638 Δημοφῶν,
1753 2548 1838 2617 ὦν
1882 2551 1952 2618 οὗ
1991 2558 2287 2638 μέμνηται
2319 2554 2601 2638 (Όμηρος
2648 2554 2713 2619 ἓν
2756 2557 2844 2643 τῷ
2888 2554 3226 2644 καταλόγῳ.

1132 2642 1199 2722 2)
1271 2640 1493 2704 Schol.
1585 2640 1816 2722 Eurip.
1883 2640 2134 2705 Troad.
2199 2643 2319 2704 31:
2397 2643 2582 2722 μηδὲν
2642 2639 2950 2723 εἰληφέναι
2994 2643 3131 2716 τοὺς
3202 2645 3342 2722 περὶ
3406 2638 3593 2704 Ἀκά-

911 2752 1114 2810 μαντα
1157 2731 1260 2790 καὶ
1303 2729 1680 2810 Δημοφῶντα
1726 2726 1792 2790 ἐκ
1835 2729 1953 2789 τῶν
1999 2727 2301 2810 λαφύρων,
2366 2725 2519 2790 ἀλλὰ
2571 2723 2755 2809 μόνην
2804 2729 2909 2806 τὴν
2950 2727 3212 2810 Αἴθραν,
3272 2726 3335 2789 δῖ
3376 2723 3445 2804 ’ἢν
3486 2730 3591 2788 καὶ

915 2819 1201 2897 αφίκοντο
1246 2813 1332 2888 εἷς
1361 2811 1560 2878 Ἴλιον
1602 2815 1977 2888 Μενεσθέως
2020 2810 2359 2898 ἡγουμένου.
2446 2814 2893 2897 Λυσίμαχος
2936 2815 3006 2878 δὲ
3044 2817 3147 2877 τὸν
3178 2807 3281 2893 τήν
3300 2813 3587 2897 Πέρσιδα

912 2899 1286 2981 πεποιηκότα
1327 2906 1472 2983 φησὶ
1520 2898 1773 2982 γράφειν
1814 2897 2020 2976 οὕτως·

1411 2988 1742 3065 Θησείδαις
1787 2984 1849 3048 δ’
1897 2984 2116 3071 ἔπορεν
2163 2977 2334 3072 δῶρα
2378 2988 2594 3068 κρείων
2626 2984 3028 3068 Ἀγαμέμνων

1399 3071 1560 3136 Ἠδὲ
1601 3074 1925 3151 Μενεσθῆι
1966 3072 2329 3157 μεγαλήτορι
2374 3074 2619 3154 ποιμένι
2662 3076 2844 3135 λαῶν.

1112 3157 1184 3237 3)
1229 3154 1380 3240 Qua
1423 3160 1534 3222 via
1599 3177 1678 3223 ac
1742 3160 2003 3223 ratione
2047 3160 2427 3223 Pausaniae
2484 3160 2549 3220 in
2597 3158 2897 3221 lescham
2948 3156 3347 3241 Delphicam
3396 3175 3572 3221 com·

910 3246 1280 3308 mentarius
1319 3245 1657 3310 confectus
1703 3251 1900 3329 esset,
1953 3245 2199 3310 diserte
2245 3264 2462 3329 nuper
2504 3246 2816 3327 exposuit
2862 3243 3578 3308 Wilamowitzius

910 3328 1180 3394 Homer.
1228 3331 1380 3395 Unt.
1431 3352 1496 3415 p.
1549 3331 1672 3395 338
1733 3349 1831 3415 sq.
1951 3331 2055 3395 De
2100 3334 2375 3397 nomine
2426 3333 2735 3413 Λέσχεωςε
2818 3330 3174 3412 Robert,
3248 3327 3395 3393 Bild
3440 3329 3577 3393 und

908 3416 1071 3480 Lied
1133 3437 1200 3499 p.
1263 3419 1390 3481 216
1466 3424 1530 3482 et
1602 3418 1753 3483 341.
1847 3414 2266 3483 Commoneo
2340 3417 2845 3500 Dionysium
2920 3415 3574 3499 Scytobrachio-

907 3519 1090 3565 nem
1165 3506 1232 3565 in
1292 3506 1410 3585 eis,
1493 3523 1668 3588 quae
1727 3504 1812 3568 ad
1870 3504 2114 3569 Thesei
2164 3504 2337 3569 filios
2404 3506 2761 3588 pertinent,
2824 3503 3215 3567 discessisse
3287 3503 3375 3566 ab
3420 3502 3575 3566 Iliu-

907 3588 1191 3670 persidis
1243 3596 1445 3674 poeta
1491 3598 1559 3655 et
1600 3592 2002 3676 Polygnoto,
2078 3611 2246 3675 quos
2292 3591 2672 3655 Pausaniae
2736 3595 2969 3654 auctor
3024 3590 3093 3652 in
3138 3588 3407 3654 leschas
3464 3588 3575 3652 de·

899 3677 1262 3759 scriptione
1307 3680 1671 3760 expressit:

989 3780 1272 3864 Dionys.
1300 3783 1369 3845 in
1393 3782 2048 3849 sch.Eur.Hec.125.
2560 3779 2929 3843 Pausanias
2975 3778 3065 3860 X,
3114 3778 3224 3862 25,
3276 3778 3340 3843 8.

899 3866 1214 3943 Διονύσιος
1256 3872 1398 3951 γοῦν
1425 3864 1457 3933 ὃ
1485 3872 1590 3932 τὸν
1619 3868 1830 3933 κύκλον
1867 3868 2128 3948 ποιήσας
2336 3872 2439 3929 καὶ
2468 3860 2548 3940 ὥς
2576 3863 2717 3948 παρ’
2752 3863 3292 3948 Ἀγαμέμνονος
3328 3863 3574 3946 αἰτήσαι

898 3958 1062 4035 φησὶ·
1121 3954 1423 4038 Δημοφῶν
1454 3957 1524 4019 δὲ
1554 3952 1586 4019 ὃ
1623 3957 1899 4035 Θησέως,
1931 3953 2126 4017 ἐδεῖτο
2158 4010 2165 4022 ,
2337 3954 2639 4033 Δημοφῶν
2706 3947 2905 4030 αὗτήν.
2982 3948 3015 4015 ὅ
3074 3952 3142 4015 δὲ
3198 3950 3405 4039 ἐκείνῳ
3462 3956 3574 4033 μὲν

897 4037 1332 4122 αὗτῶνδοῦναι
1362 4042 1627 4126 Αἴθραν,
1671 4043 1776 4121 τήν
1811 4042 2126 4119 Πιτθέως,
2337 4036 2584 4101 ἐθέλειν
2620 4036 3014 4119 χαρίζεσθαι,
3060 4036 3340 4115 ποιήσειν
3372 4040 3443 4101 δὲ
3502 4035 3573 4099 οὗ

894 4128 1000 4206 τήν
1041 4130 1148 4192 τοῦ
1191 4130 1421 4215 πατρὸς
1461 4134 1708 4210 μητέρα,
1754 4124 1917 4200 ὅπως
1947 4122 2128 4204 ahtau
2334 4122 2628 4206 πρότερον
2671 4121 2805 4204 ἔφη,
2858 4128 3000 4203 πρὶν
3030 4120 3291 4203 ςΕλένην
3332 4132 3568 4185 πεῖσαι.

893 4216 1227 4293 κομίσωσιν
1272 4214 1500 4277 οἴκαδε.
1596 4216 2014 4285 Μενέλαος
2060 4213 2129 4273 δὲ
2336 4206 2757 4271 ἀποστείλαντι
2803 4209 2871 4271 δὲ
2913 4206 3074 4296 αὐτῷ
3116 4206 3339 4288 κη’ρυκα
3380 4207 3569 4271 ἔδωκε

893 4300 1044 4379 πρὸς
1087 4297 1339 4379 ιΕλένην
1397 4304 1622 4383 πέμπει
1676 4298 2128 4377 Ταλθύβιον
2218 4307 2223 4379 Ι
2276 4347 2286 4359 .
2322 4290 2545 4373 ιΕλένη
2590 4296 2693 4373 τήν
2718 4293 2916 4376 χάριν.
3000 4293 3195 4357 ἔοικεν
3224 4292 3327 4357 οὖν
3358 4292 3389 4358 ὃ
3422 4292 3568 4357 Εὖ-

891 4382 1178 4461 κελεῦσας
1233 4384 1404 4466 ἷίγειν
1456 4385 1706 4467 Αἴθραν
1761 4390 1864 4447 καὶ
1909 4382 2126 4461 ιΕλένη
2334 4380 2675 4464 ρυβὰτης
2722 4377 2753 4444 ὃ
2798 4381 2861 4445 ἐν
2904 4383 2977 4473 τῇ
3036 4383 3237 4467 γραφῇ
3299 4378 3567 4463 ἀφῖχθαί

893 4470 1282 4557 δωρησαμένη
1297 4470 1540 4556 Αἴθραν
1568 4473 1942 4558 παντοδαπῷ
1986 4467 2125 4530 κόσ-
2332 4489 2399 4528 τε
2441 4462 2524 4541 ὡς
2564 4468 2670 4545 τὴν
2698 4462 2951 4546 ιΕλένην
2992 4470 3095 4545 τῆς
3119 4466 3362 4547 Αἴθρας
3390 4467 3564 4528 ἕνεκα

888 4580 985 4637 μω
1031 4556 1392 4621 ἀποστέλλει
1433 4560 1586 4641 πρὸς
1616 4556 2128 4640 Δημοφῶντακαί
2331 4557 2434 4613 καὶ
2498 4554 2574 4614 τὰ
2642 4550 3039 4633 ἐντεταλμένα
3088 4548 3206 4615 ὕπὸ
3248 4554 3353 4613 τοῦ
3388 4550 3565 4634 Ἀγα-

882 4620 1259 4727 'dubitatum
2218 4614 2223 4713 l
2331 4641 2622 4719 μέμνονος
2664 4636 3079 4721 ἀπαγγέλλειν.

1096 4746 1326 4831 Quare
1349 4748 1605 4831 dubim,
1637 4766 1800 4811 num
1836 4745 1891 4808 D
1914 4746 1990 4807 io
2013 4763 2052 4806 n
2067 4763 2114 4826 y
2134 4741 2200 4805 si
2221 4758 2307 4804 us
2352 4743 2529 4805 inter
2552 4758 2668 4805 eos
2696 4748 3001 4805 auctores
3026 4740 3417 4805 referendus
3449 4741 3557 4823 sit,

890 4852 1176 4917 quorum
1225 4836 1472 4918 scripta
1517 4833 1907 4898 doctissimo
1952 4828 2076 4911 ini,
2129 4846 2261 4910 quo
2307 4828 2678 4892 Pausanias
2713 4846 2872 4892 usus
2908 4832 3026 4909 est,
3076 4830 3561 4893 commentario

885 4922 1306 4987 subiacuisse
1353 4922 1638 4986 coniecit-
1682 4916 2400 4982 Wilamowitzius
2447 4915 2722 4979 Homer.
2770 4914 2933 4977 Unt.
2982 4934 3048 4997 p.
3098 4914 3249 4977 345.
