4057 5790
1983 535 2288 634 -’86
2396 601 2497 616 .-

908 799 1458 874 Herodotum
1507 801 1746 875 verbis
1800 800 2164 895 ἐπολέμεον
2228 800 2355 898 γὰρ
2410 799 2483 872 ἔκ
2527 825 2601 872 τε
2646 794 3041 899 Ἀχιλληίου
3095 799 3323 877 πόλιος
3373 801 3579 898 ὁρμε-

904 937 1124 1032 όμενοι
1174 938 1284 1008 καὶ
1362 936 1617 1034 Σιγείου
1687 942 1922 1038 χρόνον
1983 940 2093 1012 ἐπὶ
2162 939 2400 1036 συχνὸν
2454 935 2895 1040 Μυτιληναῖοί
2942 965 3017 1011 τε
3066 941 3175 1012 καὶ
3218 935 3581 1038 Ἀθηναῖοι

903 1097 1005 1167 sq.
1092 1077 1181 1150 ad
1249 1083 1576 1169 superius
1655 1078 1924 1152 bellum
1999 1081 2299 1153 strictim
2384 1083 2855 1173 repetendum
2942 1081 3315 1154 transiisse
3384 1083 3575 1153 recte

903 1216 1305 1308 statuimuS,
1391 1238 1634 1290 omues
1677 1219 1817 1290 iam
1881 1225 1956 1290 et
2025 1241 2263 1291 rerum
2319 1224 2395 1292 et
2452 1225 2845 1316 temporum
2920 1218 3371 1292 difficultates
3424 1238 3581 1291 eva·

904 1347 1300 1445 uescuut.¹)
2558 1448 2569 1464 „

1104 1491 1347 1582 Atque
1431 1494 1764 1583 quoniam
1840 1492 2171 1566 universe
2231 1495 2371 1568 duo
2416 1494 2633 1585 bella,
2705 1495 3049 1588 temporis
3102 1493 3334 1585 spatio
3386 1493 3579 1565 inter

900 1651 978 1701 se
1033 1629 1368 1716 diiuncta,
1439 1632 1646 1720 nobis
1694 1633 2099 1724 separanda
2148 1653 2305 1705 esse
2365 1634 2844 1725 cognovimus,
2914 1633 3245 1727 quidnam
3294 1636 3575 1704 veteres

899 1769 1284 1859 scriptores
1343 1767 1429 1841 de
1487 1770 1856 1862 superiore
1911 1769 2105 1844 bello
2152 1771 2615 1864 tradiderint,
2699 1773 3093 1846 accuratius
3145 1773 3283 1844 iam
3342 1770 3576 1863 perlu-

904 1905 1198 1978 stranda
1234 1913 1422 1984 sunt.
1517 1906 1876 1990 Uberiora
1930 1908 2017 1980 de
2074 1908 2185 1980 his
2241 1908 2457 1981 rebus
2494 1914 2781 1982 exstant
2814 1909 3001 2014 apud
3036 1914 3359 1982 auctores
3397 1914 3572 1980 tres:

896 2042 1221 2117 Herod.
1287 2043 1373 2137 V,
1455 2047 1553 2117 94
1609 2067 1717 2136 sq.
1777 2043 2070 2120 Strab.
2128 2067 2197 2137 p.
2256 2047 2427 2119 600.
2538 2046 2785 2137 Diog.
2842 2046 2930 2120 L.
2980 2044 3249 2138 1§’74.
3355 2045 3576 2120 Acce·

903 2182 1082 2278 dunt
1158 2183 1272 2254 his
1355 2180 1700 2255 nonnulla
1752 2185 2163 2257 testimonia
2214 2185 2511 2280 viliora,
2602 2207 2781 2276 quae
2860 2192 3098 2300 tamen
3147 2186 3236 2257 ad
3292 2183 3579 2274 singula

900 2319 1075 2392 belli
1130 2328 1486 2394 momenta
1537 2322 1770 2396 acrius
1820 2324 2309 2414 pernoscenda
2366 2323 2575 2396 fhaud
2627 2325 2831 2420 parvi
2885 2323 3323 2398 aestimanda
3372 2328 3568 2395 sunt.

1106 2458 1393 2532 Bellum
1469 2477 1620 2532 cum
1699 2458 2270 2534 Atheniensibus
2352 2469 2753 2554 susceptum
2829 2460 3291 2556 Mytilenaeis
3362 2461 3567 2534 initio

900 2597 1092 2670 haud
1124 2619 1462 2693 prospere
1500 2599 1795 2673 cessisse
1835 2597 2162 2674 Strabo
2199 2602 2405 2674 testis
2432 2607 2565 2674 est.
2638 2599 2893 2674 Refert
2918 2601 3044 2695 ille
3073 2600 3567 2694 Pittacum,

905 2756 1112 2826 quem
1164 2735 1584 2828 Mytilenaei
1621 2744 1871 2812 contra
1906 2740 2325 2830 peregrinos
2363 2740 2671 2811 advenas
2716 2740 3144 2833 emisissent,
3189 2738 3575 2813 infeliciter

899 2874 1336 2967 aliquamdiu
1391 2894 1542 2950 cum
1599 2874 2165 2951 Atheniensibus
2220 2865 2693 2971 pugnavisse(
2773 2878 2983 2970 Quod
3032 2900 3173 2953 non
3228 2885 3361 2972 est,
3444 2865 3570 2951 cur

898 3016 986 3087 in·
1031 3015 1545 3088 dubitationem
1599 3036 1953 3109 vocemus»,
2000 3034 2153 3088 cum
2212 3018 2498 3090 omnino
2553 3016 3037 3090 Athenienses
3093 3016 3383 3109 Sigeum
3437 3038 3569 3108 op—

898 3152 1137 3248 pidum
1220 3156 1295 3224 et
1372 3158 1792 3242 occupantes
1865 3160 1940 3225 et
2015 3160 2301 3229 tuentes
2355 3158 2530 3228 satis
2576 3152 2780 3229 firnio
2833 3157 3190 3248 praesidio
3243 3158 3358 3228 usi
3410 3176 3571 3228 esse
3618 3136 3628 3141 ’

898 3289 1294 3362 videantur.
1401 3290 1813 3383 Mytilenaei
1861 3313 2070 3381 quam
2123 3294 2306 3367 male
2357 3294 2445 3366 ab
2494 3295 2583 3366 iis
2632 3295 2897 3385 accepti
2949 3296 3117 3387 sint,
3160 3293 3569 3383 gravissimi

899 3433 1122 3499 testes
1162 3425 1469 3501 Alcaei
1523 3428 1633 3500 illi
1671 3435 1956 3501 exstant
1991 3451 2266 3521 versus,
2308 3452 2486 3521 quos
2524 3431 2899 3504 admodum
2952 3434 3237 3523 quidem
3292 3430 3569 3504 mutila·

895 3573 1008 3639 tos
1050 3566 1238 3638 idem
1294 3565 1498 3640 n'obis
1557 3570 2003 3642 conservavit
2056 3567 2340 3643 Strabo.
2448 3568 2623 3643 Eius
2658 3573 3000 3664 narratio,
3051 3572 3163 3643 cui
3218 3591 3372 3646 cum
3408 3568 3569 3642 He·

887 3726 978 3777 ro
999 3704 1267 3777 dotea
1320 3705 1522 3777 nulla
1572 3707 1762 3778 ratio
1810 3708 2219 3799 intercedit,
2264 3730 2351 3780 ex
2402 3710 2558 3800 ipso
2611 3710 2856 3782 Alcaei
2912 3712 3222 3785 carmine
3278 3712 3567 3784 fluxisse

887 3844 1198 3935 videtur,
1277 3845 1473 3917 cuius
1551 3845 1832 3935 quidem
1891 3845 2169 3918 duobus
2227 3846 2550 3919 versibus
2606 3868 2647 3918 a
2702 3846 3058 3921 Strabone
3116 3850 3363 3922 relatis
3412 3849 3565 3921 fere

883 3982 1070 4054 idem
1126 3983 1554 4075 continetur,
1604 3990 1816 4073 atque
1873 3982 2288 4057 Herodotus
2340 3992 2654 4059 enarrat.
2760 3986 3015 4060 Tradit
3066 3988 3349 4077 quidem
3406 3989 3564 4060 sub-

884 4204 1500 4215 --—-——-.————-—-—-

1093 4361 1165 4440 1)
1254 4359 1655 4423 Permiecuit
1720 4376 1826 4422 res
1901 4360 2107 4423 etiam
2184 4358 2639 4443 Plehnius,
2720 4360 2774 4425 Ι.
2778 4359 3046 4426 esbiaca
3120 4381 3187 4444 p.
3260 4362 3343 4425 53
3407 4382 3557 4426 eum

887 4448 1037 4531 ipsa
1103 4449 1268 4512 haec
1325 4446 1646 4511 Herodoti
1715 4445 1923 4509 verba
2000 4445 2086 4510 ad
2166 4446 2606 4529 Hegesistrati
2682 4446 2929 4511 bellum
3006 4450 3307 4512 referret.
3428 4450 3557 4514 Sed

890 4540 1070 4599 totus
1116 4535 1226 4599 hic
1269 4532 1448 4598 liber
1493 4532 1692 4596 hodie
1734 4534 1854 4595 vix
1867 4531 2269 4632 quidquam
2318 4539 2538 4616 potest
2582 4534 2839 4619 valere,
2910 4553 3061 4600 cum
3106 4540 3338 4600 auctor
3390 4536 3560 4599 miro

885 4621 1179 4703 quodam
1244 4620 1450 4684 modo
1519 4637 1754 4683 omnes
1825 4606 2250 4683 difficultates
2310 4626 2427 4683 aut
2482 4622 2892 4687 circumierit
2952 4626 3071 4686 aut
3143 4623 3559 4705 praetermit-

887 4708 1091 4773 tendo
1138 4707 1507 4771 evitaverit.
1600 4704 1746 4771 Nec
1787 4708 2004 4788 magis
2052 4724 2156 4789 ea,
2236 4724 2409 4788 quae
2456 4707 2883 4791 Bergkius
2940 4708 3084 4787 (Gr.
3128 4709 3252 4771 Lit.
3290 4708 3549 4791 G.11p.

883 4793 1012 4857 2¹72
1040 4794 1212 4859 Adn.
1238 4793 1534 4867 2Hinr.)
1578 4793 1663 4855 de
1693 4791 1922 4857 Alcaei
1967 4792 2127 4875 fuga
2172 4794 2258 4856 ab
2292 4794 2633 4859 Herodoto
2681 4794 2893 4859 relata
2938 4795 3210 4876 protulit
3254 4814 3556 4877 compro-

885 4882 1050 4943 bare
1093 4898 1388 4965 possum.
1481 4878 1672 4943 Idem
1720 4884 1946 4943 autem
2011 4879 2099 4943 de
2169 4879 2674 4945 Peter-senio
2742 4881 2856 4964 (de
2914 4882 3069 4944 hist.
3116 4888 3298 4963 gent.
3353 4882 3548 4945 Attio.

879 4986 945 5053 p.
1002 4968 1154 5049 122)
1203 4970 1268 5029 et
1317 4966 1646 5030 Steinio
1699 4966 1888 5046 (adn.
1937 4966 2047 5031 ad.
2098 4967 2256 5030 Her.
2312 4968 2391 5045 V,
2442 4968 2558 5046 94)
2607 4966 2805 5033 valet.
