4057 5790
1551 573 2121 645 -141-

498 777 639 888 non
673 815 944 907 ignoro.
967 808 1021 911 ¹)
1081 799 1417 888 Attamen
1453 813 1808 888 redundat
1843 837 1930 888 ex
1980 813 2434 890 Herodoti
2470 816 2881 890 narratione
2921 815 3172 889 saltem

501 953 656 1047 hoc,
707 953 946 1045 priora
999 953 1139 1025 duo
1192 954 1482 1047 tyranni
1549 955 1856 1045 imperia
1927 952 2148 1028 fuisse
2228 955 2686 1030 brevissimaz
2768 974 2923 1029 cum
2990 956 3178 1026 enim

500 1091 804 1164 alterum
876 1111 1171 1181 regnum
1247 1097 1497 1183 suapte
1552 1096 1809 1165 natura
1863 1113 2032 1165 ann
2062 1115 2187 1165 um
2246 1095 2589 1172 excedere
2640 1115 2782 1165 non
2838 1095 3176 1188 potuerit,

497 1230 696 1323 prius
749 1250 918 1302 vero
975 1230 1468 1303 brevissimum
1521 1228 1738 1304 fuisse
1787 1233 1942 1323 ipse
2021 1232 2378 1305 addiderit
2434 1231 2871 1324 Herodotus,
2944 1232 3174 1305 altero

497 1367 626 1440 hoc
675 1365 892 1439 fuisse
947 1367 1232 1458 longius
1288 1369 1402 1440 vix
1456 1375 1872 1443 statuemus.
1981 1368 2143 1462 Qua
2203 1392 2279 1442 re
2321 1392 2534 1443 unum
2576 1371 2904 1461 quodque
2958 1372 3173 1463 impe·

498 1506 680 1577 rium
718 1506 1054 1596 quamdiu
1089 1507 1454 1579 duraverit
1486 1510 1621 1580 etsi
1670 1509 1882 1581 certis
1918 1509 2241 1581 terminis
2296 1508 2779 1583 circumscribi
2832 1514 3163 1598 nequeat,

471 1643 703 1740 ,ambo
731 1650 966 1716 tamen
996 1645 1502 1735 comprehensa
1530 1645 1892 1717 biennium
1925 1647 2312 1720 excessisse
2345 1667 2592 1739 parum
2622 1651 2733 1718 est
2764 1645 3167 1718 verisimile.

501 1781 752 1872 Itaque
790 1781 1080 1872 singula
1118 1782 1502 1854 intervalla
1537 1781 1726 1855 haud
1766 1782 1908 1855 scio
1946 1803 2035 1854 an
2076 1782 2203 1856 hoc
2240 1783 2447 1856 modo
2486 1783 2633 1856 sint
2670 1783 3167 1858 describenda:

1249 1921 1658 1992 561—560
1767 1922 1798 1992 Ι
1847 1941 2167 2009 regnum.
2374 1922 2443 1992 1.

1249 2058 1654 2129 560--554
1778 2059 1806 2128 1
1862 2058 2171 2133 exilium.
2379 2059 2446 2130 6.

1245 2197 1468 2266 554—
1504 2197 1651 2267 553
1753 2197 1814 2266 11
1871 2216 2189 2286 regnum.
2382 2199 2451 2268 1.

1248 2335 1474 2405 553-
1505 2334 1652 2406 543
1755 2331 1824 2404 II
1875 2333 2185 2405 exilium.
2326 2335 2445 2406 10.

1246 2473 1652 2544 543-528
1717 2470 1822 2544 111
1880 2469 2282 2564 regnum.²)
2330 2473 2447 2544 15.

498 2651 622 2708 est.
704 2642 1025 2706 Miltiadis
1095 2660 1338 2706 nomeu
1397 2641 1837 2706 veterioribus
1883 2643 2298 2724 temporibus
2344 2660 2477 2707 nou
2528 2660 2755 2705 rarum
2805 2641 3032 2722 fuisse,
3110 2646 3178 2704 et

500 2749 584 2793 ex
630 2727 814 2792 libris
863 2735 929 2792 et
976 2746 1059 2791 ex
1102 2727 1443 2810 lapidibus
1489 2729 1652 2792 satis
1699 2729 2133 2811 conspicuum
2186 2734 2308 2792 est.
2400 2728 2641 2811 Itaque
2714 2728 3175 2809 Dionysii

498 2816 742 2880 verba:
808 2813 910 2878 ἐπὶ
953 2816 1056 2894 τ’ἡς
1098 2812 1414 2897 ἑξηκοστῆς
1453 2819 1556 2878 καὶ
1597 2811 1882 2899 τετάρτης
1927 2813 2296 2897 ὀλυμπιάδος
2342 2811 2629 2900 ἄρχοντος
2664 2811 2968 2893 Ἀθήνησι
3015 2815 3171 2878 Maz-

496 2901 714 2966 τιάδου
784 2899 1058 2966 omnino
1117 2902 1202 2964 ad
1273 2900 1576 2965 Cimonis
1653 2900 1862 2965 filium
1939 2903 2239 2965 revocari
2314 2901 2517 2966 licere
2591 2920 2783 2983 nego.
2842 2934 2921 2949 -
2969 2895 3166 2981 Quod

499 2987 982 3053 Herodotus
1026 2988 1110 3052 de
1155 2985 1439 3052 Cimone
1485 2989 1782 3066 tradidit,
1832 2990 1898 3052 iu
1951 2988 2179 3069 Mega
2199 2986 2407 3051 clem
2459 2987 2793 3069 transtulit
2827 3005 3166 3051 commen-

500 3080 674 3139 tator
719 3074 806 3137 ad
879 3073 1003 3139 Ar.
1057 3074 1113 3137 N
1125 3074 1232 3137 ub.
1283 3074 1390 3137 64:
1422 3122 1437 3137 .
1469 3122 1486 3138 .
1562 3076 1881 3156 Μεγακλεῖ
1928 3077 2012 3163 τῷ
2072 3072 2378 3154 νικήσαντι
2422 3080 2549 3158 τρὶς
2580 3072 2899 3157 Ὀλύμπια
2945 3078 3047 3137 καὶ
3090 3071 3168 3136 δι’

494 3158 902 3243 ἱπποτροφίαν
941 3159 1304 3224 κατελθόντι
1349 3159 1415 3224 ἐκ
1458 3164 1560 3240 τῆς
1602 3163 1807 3243 φυγῆς·
1867 3158 2083 3241 ἐδίωξε
2132 3161 2247 3243 γὰρ
2290 3157 2472 3224 αὖτόν
2516 3156 2548 3223 ὃ
2590 3162 3059 3243 Πεισίστρατος,
3103 3156 3174 3222 ὃν

499 3252 602 3311 καὶ
659 3250 1092 3331 μετεπέμψατο
1149 3245 1674 3332 παραχωρήσαντα
1720 3243 1882 3335 αὖτῷ
1929 3248 2000 3309 τὸ
2043 3250 2147 3325 τῆς
2188 3250 2353 3325 νίκης
2390 3244 2680 3329 κήρυγμα.
2778 3244 2910 3328 Qui
2981 3245 3170 3309 locus

509 3352 748 3417 parum
800 3338 1152 3397 accuratae
1197 3332 1688 3407 Petersenii
1737 3333 2287 3397 commentationi
2334 3332 2802 3413 adiungendus
2848 3337 2971 3396 est.

701 3418 773 3499 1)
820 3414 922 3482 Ex
971 3419 1496 3501 chronographis
1543 3418 1623 3483 ad
1677 3420 1850 3482 hanc
1891 3420 2361 3501 quaestionem
2420 3419 2557 3482 fere
2603 3417 2764 3483 nibil
2810 3418 3162 3483 redundat.

496 3505 549 3569 E
578 3526 617 3569 u
645 3524 677 3570 8
703 3524 740 3569 e
765 3506 899 3569 bii
962 3506 1166 3569 verba
1212 3507 1658 3589 Πεισίστρατος
1691 3503 2036 3584 Ἀθηναίων
2078 3508 2147 3567 τὸ
2190 3502 2471 3587 δεύτερον
2512 3502 2899 3587 ἐβασίλευσεν
2942 3504 3169 3587 (Sync.

495 3593 646 3673 451,
697 3591 806 3671 17)
854 3592 919 3653 in
956 3592 1364 3655 Armeniaca
1397 3590 1838 3655 translatione
1897 3592 1982 3655 ad
2030 3590 2118 3654 ol.
2170 3591 2581 3672 59,2..-·-543
2628 3595 2943 3655 revocata
2985 3598 3162 3654 sunt.

495 3674 794 3759 Cogitari
864 3680 1096 3759 possit,
1171 3677 1536 3742 Eusebium
1589 3679 1852 3743 tertium
1901 3678 2251 3759 imperium
2302 3696 2451 3741 cum
2500 3676 2710 3742 altero
2757 3678 3166 3741 confudisse.

494 3765 1112 3845 Hieronymus
1158 3783 1212 3828 s.
1263 3764 1348 3829 ol.
1405 3766 1562 3843 60,2
1607 3764 1784 3827 idem
1837 3764 2142 3829 exhibet:
2238 3764 2625 3827 Pisistratus
2672 3763 2971 3827 secunda
3020 3764 3167 3828 vice

499 3850 787 3913 Athenis
837 3854 1094 3930 regnat.
1193 3850 1319 3914 Sed
1371 3851 1628 3914 variant
1676 3850 1918 3931 singuli
1969 3852 2425 3914 eiusmanus.
2506 3850 2781 3931 Legitur
2826 3854 3171 3957 praeterea

495 3936 672 4017 apud
731 3935 772 3996 S
797 3952 844 4017 y
867 3955 907 3997 n
939 3954 975 3999 c
1002 3936 1085 3999 el
1113 3936 1128 3998 l
1157 3957 1198 3999 u
1227 3956 1290 3999 m
1359 3937 1532 4017 454„
1563 3938 1676 3999 15:
1769 3938 2216 4021 Πεισίστρατος
2272 3934 2628 4016 Ἀθηναίων
2672 3935 3027 4020 ἕτοραννησε
3066 3941 3171 4001 καὶ

495 4022 582 4097 εἶς
616 4020 892 4085 Ἰταλίαν
933 4024 1272 4106 παρῆλθεν,
1330 4041 1505 4105 quae
1576 4022 1783 4087 verba
1847 4026 1916 4085 in
1963 4022 2403 4086 translatione
2448 4024 2699 4086 reiecta
2745 4026 2900 4085 sunt
2944 4021 3026 4085 ad
3077 4022 3166 4086 ol.

495 4108 932 4187 5⁴,4=561.
1019 4109 1409 4191 Hieronymi
1463 4127 1704 4172 manus
1751 4109 1856 4172 hic
1903 4128 2035 4172 non
2087 4111 2301 4191 magis
2348 4108 2475 4171 sibi
2521 4113 2847 4171 constant.
2914 4107 3172 4173 Recen-

497 4194 700 4257 tiores
747 4192 905 4257 inde
949 4212 988 4257 a
1035 4194 1098 4256 M
1129 4196 1436 4258 eursio
1485 4194 1595 4257 alii
1644 4194 1782 4258 alia
1827 4198 2279 4261 coniecerunt.
2358 4196 2749 4277 Ungerus
2784 4192 3061 4257 Ἰταλίαν
3100 4196 3168 4258 in

503 4281 845 4345 Θετταλίαν
913 4287 1181 4344 mutans
1251 4282 1668 4344 Pisistratum
1731 4280 1838 4345 vel
1907 4284 2147 4345 eodem
2194 4300 2371 4345 anno
2420 4279 2775 4363 expulsum
2823 4298 2969 4345 esse
3016 4280 3172 4345 hinc

495 4366 788 4429 deducit.
887 4366 1012 4428 Sed
1078 4385 1228 4429 cum
1280 4368 1402 4431 hac
1449 4368 1534 4429 de
1578 4385 1651 4430 re
1695 4366 1966 4431 aliunde
2013 4360 2179 4431 nibil
2226 4374 2459 4432 notum
2506 4367 2612 4449 sit,
2688 4367 2849 4430 mihi
2896 4368 3166 4450 quidem

494 4450 912 4535 probabilius
959 4452 1440 4536 videturesse,
1509 4453 1684 4537 quod
1739 4454 1792 4515 D
1821 4474 1860 4515 u
1891 4473 1930 4516 n
1959 4452 2251 4517 ckeru
2280 4472 2311 4517 s
2360 4452 2441 4516 G.
2496 4453 2561 4515 d.
2616 4453 2697 4515 A.
2748 4448 2885 4517 v1⁸
2928 4472 2989 4536 p.
3044 4454 3170 4519 455

492 4538 804 4621 sumpsit,
874 4540 988 4621 qui
1059 4543 1206 4621 post
1260 4544 1362 4603 καὶ
1405 4539 1826 4621 Pythagorae
1899 4540 2008 4603 vel
2078 4538 2251 4603 alius
2300 4539 2653 4604 cuiusdam
2700 4558 2943 4603 nomen
2994 4540 3171 4603 exci-

495 4626 672 4689 disse
721 4631 973 4689 censet.

705 4710 772 4790 2)
827 4710 925 4773 ad
996 4729 1245 4774 annum
1318 4710 1440 4772 544
1511 4710 1822 4790 Unger-us
1870 4711 2133 4774 initium
2185 4712 2358 4774 tertii
2407 4713 2589 4776 exilii
2638 4718 2939 4783 revocat,
2992 4712 3170 4794 quod

495 4796 534 4857 7
583 4813 913 4859 annorum
966 4798 1169 4859 fuisse
1215 4798 1462 4860 statuit.
1520 4794 1972 4861 Confirmatur
2019 4800 2187 4861 haec
2233 4800 2455 4881 opinio
2502 4802 2601 4863 his
2648 4802 2744 4883 (p.
2784 4800 2965 4877 3923:
3016 4798 3172 4874 ,Die

497 4881 915 4947 auffallende
984 4883 1386 4963 Thatsacbe,
1468 4882 1624 4945 dass
1698 4884 1808 4946 die
1878 4882 2100 4947 Ionier
2158 4884 2283 4946 5⁴5
2352 4903 2481 4946 von
2531 4888 2707 4949 ihrer
2753 4884 3173 4949 Mutterstadt

501 4970 720 5032 Athen
775 4966 1196 5033 keinerlei
1242 4969 1924 5051 Unterstutzung
1991 4969 2317 5051 erhalten,
2385 4972 2463 5055 ja
2530 4972 2713 5035 nicht
2756 4971 3169 5037 einmal·um
