<?xml version="1.0" encoding="UTF-8"?>
<!DOCTYPE html PUBLIC "-//W3C//DTD XHTML 1.0 Transitional//EN"
    "http://www.w3.org/TR/xhtml1/DTD/xhtml1-transitional.dtd">
<html xmlns="http://www.w3.org/1999/xhtml" xml:lang="en" lang="en">
 <head>
  <title>
</title>
<meta http-equiv="Content-Type" content="text/html;charset=utf-8" />
  <meta name='ocr-system' content='tesseract 3.04.00' />
  <meta name='ocr-capabilities' content='ocr_page ocr_carea ocr_par ocr_line ocrx_word'/>
</head>
<body>
  <div class='ocr_page' id='page_1' title='image "./quaestionespisi00toepgoog_0071.png"; bbox 0 0 4057 5790; ppageno 0'>
   <div class='ocr_carea' id='block_1_1' title="bbox 1586 551 2101 621">
    <p class='ocr_par' dir='ltr' id='par_1_1' title="bbox 1586 551 2101 621">
     <span class='ocr_line' id='line_1_1' title="bbox 1586 551 2101 621; baseline -0.008 -17"><span class='ocrx_word' id='word_1_1' title='bbox 1586 551 2101 621; x_wconf 84' lang='grc'>...59-</span> 
     </span>
    </p>
   </div>
   <div class='ocr_carea' id='block_1_2' title="bbox 411 785 3305 2800">
    <p class='ocr_par' dir='ltr' id='par_1_2' title="bbox 411 785 3305 2800">
     <span class='ocr_line' id='line_1_2' title="bbox 499 785 3183 895; baseline -0.001 -31"><span class='ocrx_word' id='word_1_2' title='bbox 499 787 866 864; x_wconf 83' lang='lat' dir='ltr'><strong>Salamina</strong></span> <span class='ocrx_word' id='word_1_3' title='bbox 943 811 1084 862; x_wconf 89' lang='lat' dir='ltr'><strong>non</strong></span> <span class='ocrx_word' id='word_1_4' title='bbox 1165 790 1235 861; x_wconf 87' lang='lat' dir='ltr'><strong>vi</strong></span> <span class='ocrx_word' id='word_1_5' title='bbox 1306 794 1381 861; x_wconf 91' lang='lat' dir='ltr'><strong>et</strong></span> <span class='ocrx_word' id='word_1_6' title='bbox 1433 789 1648 862; x_wconf 85' lang='lat' dir='ltr'><strong>armis</strong></span> <span class='ocrx_word' id='word_1_7' title='bbox 1704 790 2066 881; x_wconf 80' lang='lat' dir='ltr'><strong>domitam,</strong></span> <span class='ocrx_word' id='word_1_8' title='bbox 2122 788 2278 895; x_wconf 35' lang='lat' dir='ltr'><strong>‚sed</strong></span> <span class='ocrx_word' id='word_1_9' title='bbox 2363 809 2451 860; x_wconf 84' lang='lat' dir='ltr'><strong>ex</strong></span> <span class='ocrx_word' id='word_1_10' title='bbox 2502 785 2791 860; x_wconf 84' lang='lat' dir='ltr'><strong>foedere</strong></span> <span class='ocrx_word' id='word_1_11' title='bbox 2848 794 2923 859; x_wconf 93' lang='lat' dir='ltr'><strong>et</strong></span> <span class='ocrx_word' id='word_1_12' title='bbox 2976 794 3183 879; x_wconf 85' lang='lat' dir='ltr'><strong>pacto</strong></span> 
     </span>
     <span class='ocr_line' id='line_1_3' title="bbox 497 922 3181 1018; baseline -0.001 -18"><span class='ocrx_word' id='word_1_13' title='bbox 497 935 646 1000; x_wconf 90' lang='lat' dir='ltr'><strong>tum</strong></span> <span class='ocrx_word' id='word_1_14' title='bbox 701 927 778 999; x_wconf 90' lang='lat' dir='ltr'><strong>in</strong></span> <span class='ocrx_word' id='word_1_15' title='bbox 818 927 1363 1000; x_wconf 81' lang='lat' dir='ltr'><strong>Atheniensium</strong></span> <span class='ocrx_word' id='word_1_16' title='bbox 1412 930 1842 1018; x_wconf 82' lang='lat' dir='ltr'><strong>potestatem</strong></span> <span class='ocrx_word' id='word_1_17' title='bbox 1895 923 2257 999; x_wconf 77' lang='lat' dir='ltr'><strong>redactam</strong></span> <span class='ocrx_word' id='word_1_18' title='bbox 2310 944 2494 996; x_wconf 87' lang='lat' dir='ltr'><strong>esse.</strong></span> <span class='ocrx_word' id='word_1_19' title='bbox 2599 922 2966 1015; x_wconf 81' lang='lat' dir='ltr'><strong>Quaenam</strong></span> <span class='ocrx_word' id='word_1_20' title='bbox 2997 924 3181 996; x_wconf 88' lang='lat' dir='ltr'><strong>ratio</strong></span> 
     </span>
     <span class='ocr_line' id='line_1_4' title="bbox 411 1059 3305 1156; baseline -0.001 -20"><span class='ocrx_word' id='word_1_21' title='bbox 411 1143 420 1150; x_wconf 63' lang='grc'><strong><em>,</em></strong></span> <span class='ocrx_word' id='word_1_22' title='bbox 501 1063 799 1156; x_wconf 86' lang='lat' dir='ltr'><strong>posthae</strong></span> <span class='ocrx_word' id='word_1_23' title='bbox 857 1065 1049 1136; x_wconf 91' lang='lat' dir='ltr'><strong>inter</strong></span> <span class='ocrx_word' id='word_1_24' title='bbox 1103 1061 1468 1137; x_wconf 83' lang='lat' dir='ltr'><strong>Salamina</strong></span> <span class='ocrx_word' id='word_1_25' title='bbox 1554 1062 1862 1134; x_wconf 87' lang='lat' dir='ltr'><strong>insulam</strong></span> <span class='ocrx_word' id='word_1_26' title='bbox 1936 1069 2010 1133; x_wconf 89' lang='lat' dir='ltr'><strong>et</strong></span> <span class='ocrx_word' id='word_1_27' title='bbox 2066 1060 2613 1134; x_wconf 79' lang='lat' dir='ltr'>Atheniensium</span> <span class='ocrx_word' id='word_1_28' title='bbox 2679 1059 3183 1152; x_wconf 80' lang='lat' dir='ltr'><strong>rempublicam</strong></span> <span class='ocrx_word' id='word_1_29' title='bbox 3300 1100 3305 1104; x_wconf 86' lang='lat'><em>-</em></span> 
     </span>
     <span class='ocr_line' id='line_1_5' title="bbox 495 1195 3178 1295; baseline -0.001 -22"><span class='ocrx_word' id='word_1_30' title='bbox 495 1201 1010 1293; x_wconf 75' lang='lat' dir='ltr'><strong>intercesserit,</strong></span> <span class='ocrx_word' id='word_1_31' title='bbox 1082 1202 1478 1275; x_wconf 78' lang='lat' dir='ltr'><strong>accuratius</strong></span> <span class='ocrx_word' id='word_1_32' title='bbox 1558 1221 1912 1295; x_wconf 84' lang='lat' dir='ltr'><strong>exponere</strong></span> <span class='ocrx_word' id='word_1_33' title='bbox 1984 1199 2198 1271; x_wconf 89' lang='lat' dir='ltr'><strong>huius</strong></span> <span class='ocrx_word' id='word_1_34' title='bbox 2269 1199 2411 1271; x_wconf 89' lang='lat' dir='ltr'><strong>loci</strong></span> <span class='ocrx_word' id='word_1_35' title='bbox 2462 1219 2604 1270; x_wconf 91' lang='lat' dir='ltr'><strong>non</strong></span> <span class='ocrx_word' id='word_1_36' title='bbox 2652 1205 2787 1270; x_wconf 87' lang='lat' dir='ltr'><strong>est.</strong></span> <span class='ocrx_word' id='word_1_37' title='bbox 2896 1195 3178 1271; x_wconf 84' lang='lat' dir='ltr'><strong>Sufficit</strong></span> 
     </span>
     <span class='ocr_line' id='line_1_6' title="bbox 497 1332 3285 1430; baseline -0.002 -20"><span class='ocrx_word' id='word_1_38' title='bbox 497 1339 613 1410; x_wconf 89' lang='lat' dir='ltr'><strong>hic</strong></span> <span class='ocrx_word' id='word_1_39' title='bbox 664 1335 1139 1424; x_wconf 78' lang='lat' dir='ltr'><strong>admonuisse,</strong></span> <span class='ocrx_word' id='word_1_40' title='bbox 1195 1339 1428 1411; x_wconf 86' lang='lat' dir='ltr'><strong>titulis</strong></span> <span class='ocrx_word' id='word_1_41' title='bbox 1485 1339 1811 1411; x_wconf 82' lang='lat' dir='ltr'><strong>nunciam</strong></span> <span class='ocrx_word' id='word_1_42' title='bbox 1865 1343 2065 1412; x_wconf 88' lang='lat' dir='ltr'><strong>certo</strong></span> <span class='ocrx_word' id='word_1_43' title='bbox 2119 1345 2467 1420; x_wconf 84' lang='lat' dir='ltr'><strong>constare,</strong></span> <span class='ocrx_word' id='word_1_44' title='bbox 2521 1332 2889 1408; x_wconf 84' lang='lat' dir='ltr'><strong>Salamina</strong></span> <span class='ocrx_word' id='word_1_45' title='bbox 2942 1355 3179 1426; x_wconf 87' lang='lat' dir='ltr'><strong>quam·</strong></span> <span class='ocrx_word' id='word_1_46' title='bbox 3275 1421 3285 1430; x_wconf 81' lang='lat'>.</span> 
     </span>
     <span class='ocr_line' id='line_1_7' title="bbox 500 1469 3174 1565; baseline -0.001 -18"><span class='ocrx_word' id='word_1_47' title='bbox 500 1475 623 1547; x_wconf 83' lang='lat' dir='ltr'><strong>diu</strong></span> <span class='ocrx_word' id='word_1_48' title='bbox 672 1474 1227 1560; x_wconf 80' lang='lat' dir='ltr'><strong>Atheniensium</strong></span> <span class='ocrx_word' id='word_1_49' title='bbox 1281 1475 1527 1565; x_wconf 85' lang='lat' dir='ltr'><strong>fuerit,</strong></span> <span class='ocrx_word' id='word_1_50' title='bbox 1575 1495 2089 1565; x_wconf 86' lang='lat' dir='ltr'><strong>usquequaque</strong></span> <span class='ocrx_word' id='word_1_51' title='bbox 2146 1494 2392 1546; x_wconf 90' lang='lat' dir='ltr'><strong>eorum</strong></span> <span class='ocrx_word' id='word_1_52' title='bbox 2448 1473 2875 1545; x_wconf 89' lang='lat' dir='ltr'><strong>cleruchiam</strong></span> <span class='ocrx_word' id='word_1_53' title='bbox 2926 1469 3174 1544; x_wconf 87' lang='lat' dir='ltr'><strong>fuisse.</strong></span> 
     </span>
     <span class='ocr_line' id='line_1_8' title="bbox 465 1573 3180 1704; baseline -0.002 -18"><span class='ocrx_word' id='word_1_54' title='bbox 465 1589 476 1606; x_wconf 51' lang='lat'>⁸</span> <span class='ocrx_word' id='word_1_55' title='bbox 703 1611 1189 1698; x_wconf 81' lang='lat' dir='ltr'><strong>Perturbatur</strong></span> <span class='ocrx_word' id='word_1_56' title='bbox 1241 1613 1560 1704; x_wconf 88' lang='lat' dir='ltr'><strong>quidem,</strong></span> <span class='ocrx_word' id='word_1_57' title='bbox 1615 1612 1678 1684; x_wconf 90' lang='lat' dir='ltr'><strong>si</strong></span> <span class='ocrx_word' id='word_1_58' title='bbox 1727 1619 1934 1686; x_wconf 86' lang='lat' dir='ltr'><strong>recta</strong></span> <span class='ocrx_word' id='word_1_59' title='bbox 1979 1618 2180 1700; x_wconf 86' lang='lat' dir='ltr'><strong>sunt,</strong></span> <span class='ocrx_word' id='word_1_60' title='bbox 2214 1573 2408 1700; x_wconf 59' lang='lat' dir='ltr'><strong>⁸quae</strong></span> <span class='ocrx_word' id='word_1_61' title='bbox 2458 1609 2589 1682; x_wconf 88' lang='lat' dir='ltr'><strong>hac</strong></span> <span class='ocrx_word' id='word_1_62' title='bbox 2638 1609 3180 1698; x_wconf 86' lang='lat' dir='ltr'><strong>quaestiuncula</strong></span> 
     </span>
     <span class='ocr_line' id='line_1_9' title="bbox 499 1745 3189 1840; baseline -0 -20"><span class='ocrx_word' id='word_1_63' title='bbox 499 1750 934 1840; x_wconf 82' lang='lat' dir='ltr'><strong>investigare</strong></span> <span class='ocrx_word' id='word_1_64' title='bbox 1018 1755 1315 1823; x_wconf 88' lang='lat' dir='ltr'><strong>conatus</strong></span> <span class='ocrx_word' id='word_1_65' title='bbox 1393 1771 1574 1840; x_wconf 88' lang='lat' dir='ltr'><strong>sum,</strong></span> <span class='ocrx_word' id='word_1_66' title='bbox 1649 1749 2021 1840; x_wconf 86' lang='lat' dir='ltr'><strong>praeclara</strong></span> <span class='ocrx_word' id='word_1_67' title='bbox 2085 1749 2215 1820; x_wconf 89' lang='lat' dir='ltr'><strong>illa</strong></span> <span class='ocrx_word' id='word_1_68' title='bbox 2265 1749 2357 1820; x_wconf 84' lang='lat' dir='ltr'><strong>de</strong></span> <span class='ocrx_word' id='word_1_69' title='bbox 2408 1745 2553 1820; x_wconf 84' lang='lat' dir='ltr'><strong>Sol</strong></span> <span class='ocrx_word' id='word_1_70' title='bbox 2575 1749 2766 1820; x_wconf 88' lang='lat' dir='ltr'><strong>onis</strong></span> <span class='ocrx_word' id='word_1_71' title='bbox 2836 1768 3189 1840; x_wconf 83' lang='lat' dir='ltr'><strong>expugna-</strong></span> 
     </span>
     <span class='ocr_line' id='line_1_10' title="bbox 501 1885 3181 1977; baseline -0.001 -19"><span class='ocrx_word' id='word_1_72' title='bbox 501 1886 696 1958; x_wconf 87' lang='lat' dir='ltr'><strong>tione</strong></span> <span class='ocrx_word' id='word_1_73' title='bbox 735 1886 1096 1976; x_wconf 87' lang='lat' dir='ltr'><strong>memoria,</strong></span> <span class='ocrx_word' id='word_1_74' title='bbox 1126 1906 1313 1976; x_wconf 88' lang='lat' dir='ltr'><strong>quae</strong></span> <span class='ocrx_word' id='word_1_75' title='bbox 1350 1887 1425 1957; x_wconf 91' lang='lat' dir='ltr'><strong>in</strong></span> <span class='ocrx_word' id='word_1_76' title='bbox 1461 1886 1930 1966; x_wconf 83' lang='lat' dir='ltr'><strong>recentiorum</strong></span> <span class='ocrx_word' id='word_1_77' title='bbox 1963 1885 2171 1958; x_wconf 86' lang='lat' dir='ltr'><strong>libris</strong></span> <span class='ocrx_word' id='word_1_78' title='bbox 2210 1885 3017 1977; x_wconf 76' lang='lat' dir='ltr'><strong>etiamnunc,desc1·ipta</strong></span> <span class='ocrx_word' id='word_1_79' title='bbox 3048 1891 3181 1956; x_wconf 90' lang='lat' dir='ltr'><strong>est.</strong></span> 
     </span>
     <span class='ocr_line' id='line_1_11' title="bbox 504 2020 3193 2116; baseline 0 -21"><span class='ocrx_word' id='word_1_80' title='bbox 504 2020 994 2095; x_wconf 89' lang='lat' dir='ltr'><strong>Athenienses</strong></span> <span class='ocrx_word' id='word_1_81' title='bbox 1073 2024 1402 2097; x_wconf 85' lang='lat' dir='ltr'><strong>versibus</strong></span> <span class='ocrx_word' id='word_1_82' title='bbox 1496 2023 1828 2114; x_wconf 85' lang='lat' dir='ltr'><strong>elegiacis</strong></span> <span class='ocrx_word' id='word_1_83' title='bbox 1899 2023 2412 2116; x_wconf 77' lang='lat' dir='ltr'><strong>inflammatoS,</strong></span> <span class='ocrx_word' id='word_1_84' title='bbox 2503 2024 2743 2095; x_wconf 90' lang='lat' dir='ltr'><strong>statim</strong></span> <span class='ocrx_word' id='word_1_85' title='bbox 2825 2020 3193 2097; x_wconf 85' lang='lat' dir='ltr'><strong>Salamina</strong></span> 
     </span>
     <span class='ocr_line' id='line_1_12' title="bbox 503 2160 3191 2252; baseline -0.001 -20"><span class='ocrx_word' id='word_1_86' title='bbox 503 2171 856 2234; x_wconf 85' lang='lat' dir='ltr'><strong>travectos</strong></span> <span class='ocrx_word' id='word_1_87' title='bbox 915 2183 1072 2234; x_wconf 87' lang='lat' dir='ltr'><strong>esse</strong></span> <span class='ocrx_word' id='word_1_88' title='bbox 1123 2160 1528 2252; x_wconf 88' lang='lat' dir='ltr'><strong>Soloneque</strong></span> <span class='ocrx_word' id='word_1_89' title='bbox 1609 2162 1782 2235; x_wconf 87' lang='lat' dir='ltr'><strong>duce</strong></span> <span class='ocrx_word' id='word_1_90' title='bbox 1842 2162 2199 2235; x_wconf 86' lang='lat' dir='ltr'><strong>illustrem</strong></span> <span class='ocrx_word' id='word_1_91' title='bbox 2260 2162 2458 2234; x_wconf 89' lang='lat' dir='ltr'><strong>illam</strong></span> <span class='ocrx_word' id='word_1_92' title='bbox 2534 2161 2841 2233; x_wconf 88' lang='lat' dir='ltr'><strong>insulam</strong></span> <span class='ocrx_word' id='word_1_93' title='bbox 2915 2161 3191 2252; x_wconf 85' lang='lat' dir='ltr'><strong>patriae</strong></span> 
     </span>
     <span class='ocr_line' id='line_1_13' title="bbox 506 2298 3193 2409; baseline 0 -39"><span class='ocrx_word' id='word_1_94' title='bbox 506 2319 993 2390; x_wconf 86' lang='lat' dir='ltr'><strong>recuperasse,</strong></span> <span class='ocrx_word' id='word_1_95' title='bbox 1042 2299 1216 2371; x_wconf 89' lang='lat' dir='ltr'><strong>haec</strong></span> <span class='ocrx_word' id='word_1_96' title='bbox 1268 2299 1534 2392; x_wconf 88' lang='lat' dir='ltr'><strong>opinio,</strong></span> <span class='ocrx_word' id='word_1_97' title='bbox 1587 2301 1650 2371; x_wconf 89' lang='lat' dir='ltr'><strong>si</strong></span> <span class='ocrx_word' id='word_1_98' title='bbox 1703 2300 2109 2373; x_wconf 87' lang='lat' dir='ltr'><strong>accuratius</strong></span> <span class='ocrx_word' id='word_1_99' title='bbox 2162 2307 2484 2409; x_wconf 80' lang='lat' dir='ltr'><strong>veterum</strong></span> <span class='ocrx_word' id='word_1_100' title='bbox 2524 2298 2949 2390; x_wconf 86' lang='lat' dir='ltr'><strong>scriptorum</strong></span> <span class='ocrx_word' id='word_1_101' title='bbox 2990 2300 3193 2371; x_wconf 88' lang='lat' dir='ltr'><strong>testi·</strong></span> 
     </span>
     <span class='ocr_line' id='line_1_14' title="bbox 510 2435 3193 2541; baseline 0 -35"><span class='ocrx_word' id='word_1_102' title='bbox 510 2437 746 2507; x_wconf 87' lang='lat' dir='ltr'><strong>monia</strong></span> <span class='ocrx_word' id='word_1_103' title='bbox 800 2436 1216 2541; x_wconf 78' lang='lat' dir='ltr'><strong>excutimuS,</strong></span> <span class='ocrx_word' id='word_1_104' title='bbox 1271 2438 1411 2508; x_wconf 88' lang='lat' dir='ltr'><strong>iam</strong></span> <span class='ocrx_word' id='word_1_105' title='bbox 1466 2438 1788 2510; x_wconf 87' lang='lat' dir='ltr'><strong>concidat</strong></span> <span class='ocrx_word' id='word_1_106' title='bbox 1840 2457 2133 2512; x_wconf 85' lang='lat' dir='ltr'><strong>necesse</strong></span> <span class='ocrx_word' id='word_1_107' title='bbox 2186 2443 2317 2508; x_wconf 87' lang='lat' dir='ltr'><strong>est.</strong></span> <span class='ocrx_word' id='word_1_108' title='bbox 2434 2435 2636 2527; x_wconf 78' lang='lat' dir='ltr'><strong>Quae</strong></span> <span class='ocrx_word' id='word_1_109' title='bbox 2688 2457 2819 2528; x_wconf 89' lang='lat' dir='ltr'><strong>pro</strong></span> <span class='ocrx_word' id='word_1_110' title='bbox 2866 2437 2994 2508; x_wconf 87' lang='lat' dir='ltr'><strong>hac</strong></span> <span class='ocrx_word' id='word_1_111' title='bbox 3052 2437 3193 2527; x_wconf 85' lang='lat' dir='ltr'><strong>opi-</strong></span> 
     </span>
     <span class='ocr_line' id='line_1_15' title="bbox 509 2571 3195 2668; baseline 0.001 -24"><span class='ocrx_word' id='word_1_112' title='bbox 509 2571 722 2645; x_wconf 90' lang='lat' dir='ltr'><strong>nione</strong></span> <span class='ocrx_word' id='word_1_113' title='bbox 795 2573 1318 2665; x_wconf 78' lang='lat' dir='ltr'><strong>substituimus,</strong></span> <span class='ocrx_word' id='word_1_114' title='bbox 1393 2575 1779 2647; x_wconf 90' lang='lat' dir='ltr'><strong>minutiora</strong></span> <span class='ocrx_word' id='word_1_115' title='bbox 1859 2575 1988 2647; x_wconf 90' lang='lat' dir='ltr'><strong>illa</strong></span> <span class='ocrx_word' id='word_1_116' title='bbox 2044 2576 2329 2668; x_wconf 86' lang='lat' dir='ltr'><strong>quidem</strong></span> <span class='ocrx_word' id='word_1_117' title='bbox 2411 2584 2580 2648; x_wconf 88' lang='lat' dir='ltr'><strong>sunt</strong></span> <span class='ocrx_word' id='word_1_118' title='bbox 2663 2584 2737 2648; x_wconf 90' lang='lat' dir='ltr'><strong>et</strong></span> <span class='ocrx_word' id='word_1_119' title='bbox 2813 2576 3195 2647; x_wconf 89' lang='lat' dir='ltr'><strong>humiliora</strong></span> 
     </span>
     <span class='ocr_line' id='line_1_16' title="bbox 510 2709 3189 2800; baseline 0.001 -20"><span class='ocrx_word' id='word_1_120' title='bbox 510 2730 641 2783; x_wconf 89' lang='lat' dir='ltr'><strong>nec</strong></span> <span class='ocrx_word' id='word_1_121' title='bbox 687 2709 944 2800; x_wconf 86' lang='lat' dir='ltr'><strong>quibus</strong></span> <span class='ocrx_word' id='word_1_122' title='bbox 1001 2718 1278 2785; x_wconf 86' lang='lat' dir='ltr'><strong>tantum</strong></span> <span class='ocrx_word' id='word_1_123' title='bbox 1326 2715 1419 2787; x_wconf 85' lang='lat' dir='ltr'><strong>ad</strong></span> <span class='ocrx_word' id='word_1_124' title='bbox 1469 2712 1912 2786; x_wconf 83' lang='lat' dir='ltr'><strong>extollendas</strong></span> <span class='ocrx_word' id='word_1_125' title='bbox 1969 2713 2530 2787; x_wconf 88' lang='lat' dir='ltr'><strong>Atheniensium</strong></span> <span class='ocrx_word' id='word_1_126' title='bbox 2582 2735 2697 2786; x_wconf 86' lang='lat' dir='ltr'><strong>res</strong></span> <span class='ocrx_word' id='word_1_127' title='bbox 2759 2711 3189 2788; x_wconf 87' lang='lat' dir='ltr'><strong>conferatur.</strong></span> 
     </span>
    </p>
   </div>
  </div>
 </body>
</html>
