4057 5790
1553 588 2062 657 ..41-

469 836 978 899 commemorare
1029 827 1284 920 aliquid
1325 847 1531 900 nemo
1587 826 1898 918 negabit.
2035 827 2184 899 Iam
2243 846 2414 900 vero
2486 830 2779 918 praeter
2838 825 3160 899 rationes

474 965 964 1060 grammaticas
1017 985 1134 1037 res
1187 963 1348 1056 ipsa
1395 963 1666 1046 obstat..
1741 939 2115 1055 quominus
2167 964 2303 1057 ita,
2382 971 2464 1037 ut
2512 963 2849 1038 Prinzius
2905 963 3149 1050 voluit,

471 1103 601 1176 illa
649 1102 872 1178 verba
919 1105 1498 1197 interpretemur.
1601 1100 1753 1175 Gur
1803 1093 2115 1198 tandem,
2184 1123 2471 1198 quaeso,
2515 1102 2942 1178 Plutarchus
2980 1103 3167 1176 Dae-

475 1242 792 1317 machum
839 1247 1100 1316 testem
1154 1243 1464 1315 excitat?
1509 1238 1866 1314 Nimirum
1918 1247 1999 1314 ut
2037 1239 2373 1316 Solonem
2430 1264 2475 1314 a
2520 1241 2893 1335 Poplicola
2951 1243 3166 1315 rebus

475 1380 752 1456 bellicis
788 1386 1202 1473 superatum
1239 1402 1397 1454 esse
1435 1379 1904 1455 demonstret.
1984 1379 2144 1456 Hoc
2176 1381 2331 1456 luce
2361 1381 2621 1456 clarius
2654 1387 2789 1455 est.
2864 1378 3163 1454 Minime

477 1541 646 1594 vero
691 1523 764 1596 id
819 1523 922 1596 ita
965 1523 1197 1619 potuit
1247 1523 1590 1618 probare,
1638 1529 1718 1595 ut
1769 1521 1958 1597 hunc
2011 1523 2129 1599 ‚vel
2182 1521 2391 1595 illum
2445 1541 2693 1594 rerum
2744 1521 3161 1614 scriptorem

479 1657 766 1734 Solonis
836 1682 953 1734 res
1013 1661 1206 1735 bello
1267 1669 1506 1753 gestas
1569 1683 1710 1736 non
1776 1679 2363 1735 commemorasse
2435 1660 2874 1734 ostenderet.
3004 1655 3161 1734 Nec

479 1806 856 1893 praeterea
892 1801 1265 1892 adsequor,
1323 1819 1451 1874 cur
1495 1799 1956 1896 Plutarchus,
2013 1802 2075 1873 si
2110 1801 2408 1873 maxime
2463 1799 2538 1872 id
2589 1798 2815 1873 voluit
2864 1794 3167 1890 efficere,

485 1935 772 2012 Solonis
825 1959 940 2012 res
984 1940 1175 2014 bello
1229 1945 1468 2031 gestas
1522 1961 1565 2013 a
1618 1938 2083 2032 scriptoribus
2139 1961 2282 2012 non
2340 1959 2498 2011 esse
2556 1927 3161 2029 commemoratas,

485 2097 626 2151 non
682 2078 862 2151 alios
894 2084 1267 2168 ’auctoreS,
1351 2097 1558 2169 quam
1613 2077 2089 2152 Daemachum
2148 2083 2402 2151 testem
2454 2077 2643 2150 haud
2699 2075 3167 2170 locupletissi-

478 2237 662 2288 mum
711 2215 1084 2290 attulerit?
1137 2215 1666 2290 Herodotus
1719 2217 1942 2290 nihilo
1995 2218 2219 2308 magis
2268 2216 2488 2289 ullum
2528 2213 2814 2290 Solonis
2848 2215 3161 2288 militare

479 2351 756 2428 facinus
825 2335 1402 2429 commemoravit
1456 2376 1751 2446 usquam
1807 2373 1937 2429 nec
1990 2357 2415 2448 scriptorum
2474 2376 2851 2446 numeruS,
2916 2354 3038 2444 qui
3089 2352 3162 2425 id

492 2511 634 2567 non
670 2491 1016 2587 fecerant,
1053 2497 1212 2567 erat
1244 2515 1470 2567 raruS.
1543 2493 1974 2568 Prinzius
2013 2501 2413 2588 praeterea,
2440 2498 2522 2566 ut
2556 2490 2942 2566 Daemachi
2971 2491 3164 2565 testi-

485 2633 798 2704 monium
850 2631 1339 2727 labefactaret,
1388 2631 1564 2709 haec
1617 2636 1897 2708 iniecit:
1951 2631 2233 2728 ,Neque
2291 2634 2393 2706 ita
2438 2633 2737 2704 multum
2782 2631 3166 2722 lucramur,

479 2789 780 2860 namque
835 2773 1319 2846 testimonium
1369 2773 1738 2867 habemus,
1820 2775 2031 2865 quod,
2115 2773 2304 2846 unde
2360 2777 2718 2864 sumptum
2771 2771 2884 2856 sit,
2942 2769 3162 2842 nesci·

477 2908 688 2983 mus}
771 2908 938 2985 Non
970 2932 1315 3005 repugno.
1390 2910 1577 2985 Nam
1630 2934 1772 3005 quo
1827 2914 2111 2987 nomine
2166 2913 2292 2985 ille
2336 2911 2547 3002 liber,
2588 2932 2726 3002 quo
2763 2910 2853 2982 de
2892 2906 3158 2982 Solone

485 3046 939 3124 Daemachus
993 3048 1163 3145 egit,
1243 3050 1628 3144 inscriptus
1676 3050 1918 3146 fuerit,
1989 3058 2181 3126 certo
2237 3050 2466 3124 evinci
2519 3071 2663 3122 non
2710 3053 2977 3141 potest,
3034 3046 3161 3120 sed

485 3186 774 3260 aliunde
830 3190 1002 3261 satis
1057 3188 1395 3285 adparet,
1469 3189 1654 3263 hunc
1703 3192 2122 3283 scriptorem
2177 3190 2252 3263 in
2306 3189 2520 3262 rebus
2586 3187 2673 3260 ad
2724 3192 2993 3280 septem
3050 3204 3155 3258 sa-

477 3325 828 3417 pientium
881 3327 1060 3401 vitas
1114 3328 1640 3419 pertinentibus
1695 3330 1871 3401 satis
1919 3326 2141 3401 fuisse
2192 3333 2572 3401 versatum.
2667 3323 2896 3399 Velut
2957 3324 3155 3399 Dio-

481 3484 752 3555 genes
807 3460 870 3561 (Ι
923 3464 1126 3563 §30)
1178 3487 1334 3541 cum
1391 3468 1478 3540 de
1530 3454 1956 3559 sapientium
2008 3466 2135 3540 illo
2188 3466 2473 3559 tripode
2546 3464 2862 3566 exponit,
2944 3462 3157 3537 Dae·

479 3602 766 3677 machi
816 3601 1266 3679 Plataeensis
1321 3611 1393 3678 et
1447 3605 1705 3680 Euan
1731 3608 1826 3705 th
1850 3608 1928 3680 is
1975 3606 2336 3680 cuiusdam
2372 3603 2644 3679 Milesii
2679 3604 3155 3697 discrepantia

483 3745 671 3817 inter
726 3764 804 3818 se
853 3746 1264 3819 testimonia
1317 3744 1572 3820 adfert.
1610 3742 1660 3844 ¹)
1765 3744 2014 3837 Itaque
2071 3746 2239 3819 licet
2265 3745 2355 3817 de
2390 3744 2617 3835 ipsius
2660 3740 2832 3815 libri
2867 3742 3151 3814 nomine

483 3900 625 3956 non
682 3883 896 3974 plane
954 3889 1247 3971 constet,
1299 3884 1646 3957 disertum
1697 3889 1934 3955 tamen
1989 3881 2171 3955 illud
2226 3882 2315 3955 de
2354 3880 2617 3955 Solone
2671 3882 3151 3954 testimonium

489 4021 774 4094 minime
828 4020 1083 4095 idcirco
1130 4022 1202 4095 in
1254 4021 1765 4095 dubitationem
1815 4020 2204 4093 vocandum
2261 4018 2469 4113 est.²)
2575 4019 2722 4093 Iam
2777 4041 2944 4094 vero
2996 4040 3152 4094 cum

683 4292 752 4373 1)
797 4293 995 4358 Haud
1048 4294 1277 4377 inepte
1323 4295 1452 4359 hoe
1495 4294 1642 4359 loco
1674 4294 2049 4359 Daemachi
2096 4311 2345 4358 nomen
2392 4291 3147 4359 restituitcasaubo·

480 4398 662 4445 nus.
754 4380 904 4445 Non
973 4380 1231 4461 dubito,
1306 4382 1470 4463 quin
1513 4380 1865 4446 Euanthen
1933 4382 2044 4446 hie
2101 4400 2257 4445 cum
2318 4399 2425 4461 eo,
2496 4398 2697 4463 quem
2744 4380 3150 4465 Hermippus

489 4466 696 4545 (Plut.
751 4466 888 4531 Sol.
942 4466 1056 4546 11)
1101 4468 1468 4531 Samium
1520 4466 2325 4552 vocet,·aequiperandus
2356 4469 2463 4531 sit.
2559 4466 2784 4531 Etiam
2832 4467 2957 4531 boo
2998 4467 3151 4532 loeo

483 4554 568 4617 ab
596 4551 968 4637 Hermippo
997 4553 1291 4618 Euantbi
1323 4554 1776 4619 testimonium
1828 4556 2161 4637 tribuitur,
2218 4554 2397 4637 quod
2442 4555 2905 4618 Daemachum
2942 4572 3151 4637 oppu-

481 4641 798 4719 gnavisse
821 4642 1096 4705 ecimus.

685 4725 755 4809 2)
790 4726 968 4791 Fieri
993 4732 1230 4811 potest,
1249 4730 1324 4790 ut
1347 4728 1406 4791 D
1425 4746 1464 4791 a
1485 4746 1608 4792 em
1627 4746 1668 4791 a
1686 4728 1784 4792 ch
1803 4746 1892 4792 us
1919 4728 2005 4793 de
2038 4729 2139 4791 bis
2166 4727 2369 4791 rebus
2394 4728 2459 4792 in
2485 4726 2659 4792 libro
2680 4732 2821 4811 περὶ
2844 4724 3151 4807 εὗσεβείας

485 4812 698 4895 egerit
740 4812 950 4891 (Plut.
995 4812 1156 4895 Lyn.
1205 4812 1338 4897 12).
1434 4815 1539 4879 De
1587 4815 1761 4879 libro
1807 4816 2171 4903 στρατηγικὰ
2213 4810 2641 4897 ὃπομνὴματα,
2706 4831 2907 4897 quem
2966 4813 3149 4877 idem

481 4900 874 4983 conscripsit
918 4900 1178 4984 (Steph.
1225 4902 1387 4983 Byz.
1439 4919 1493 4967 s.
1546 4922 1612 4967 v.
1657 4901 2124 4985 Λακεᾷαίμων),
2153 4901 2462 4985 equidem
2511 4904 2780 4985 propter
2825 4900 3151 4981 Diogenis

485 4983 700 5049 locum
749 4984 818 5066 (Ι
860 4987 903 5068 9
951 4986 1060 5068 30)
1105 5005 1242 5052 non
1287 4987 1746 5071 cogitaverim.

2693 5108 2725 5159 7
