4057 5790
492 813 633 884 quo
689 799 978 870 auctore
1031 794 1464 872 Plutarchus
1537 793 2145 870 narratiunculam
2224 793 2420 868 illam
2480 791 2888 885 sumpserit,
2968 795 3164 866 certo

491 931 778 1005 omnino
869 954 1078 1025 posse
1170 935 1398 1008 evinci
1513 934 1942 1026 negaverim.
2088 929 2442 1024 Memoria
2523 930 2721 1004 illius
2804 930 2909 1030 rei
2982 929 3163 1003 adeo

491 1075 606 1144 est
657 1071 1069 1167 singularia,
1111 1079 1196 1148 ut
1252 1074 1340 1149 ad
1391 1074 1802 1149 solvendam
1857 1074 2039 1147 hanc
2084 1068 2570 1147 difficultatem
2621 1089 2917 1163 prorsus
2963 1067 3165 1143 nulla

487 1207 924 1300 praebeatur
1024 1229 1220 1286 ansa.
1354 1206 1610 1302 Itaque
1705 1210 1778 1283 in
1887 1209 2271 1284 nesciendo
2370 1208 2625 1302 opinor
2712 1209 3161 1300 acquiescen-

491 1345 690 1420 dum.
737 1352 868 1420 est.
898 1340 950 1444 ¹)
2632 1305 2647 1328 ⁸

695 1481 844 1558 Sed
914 1484 1242 1576 quisnam
1317 1483 1487 1572 fuit,
1572 1486 1694 1575 qui
1773 1486 2045 1580 primus
2122 1489 2569 1576 strategema
2642 1483 2821 1557 illud
2888 1505 2933 1556 a
2982 1482 3163 1558 Pisi·

490 1626 729 1696 strato
783 1622 1154 1697 transtulit
1203 1623 1293 1698 ad
1332 1621 1666 1700 Solonem
1686 1625 1721 1697 ’ἒ
2470 1594 2475 1598 ’

691 1759 808 1837 Be
829 1782 1324 1854 gemannus
1399 1751 1704 1857 Quaest.
1757 1759 1907 1839 Sol.
1953 1760 2031 1837 II
2078 1784 2149 1856 p.
2207 1763 2303 1838 11
2382 1767 2464 1836 ut
2528 1759 2997 1836 Plutarchum
3077 1780 3165 1834 ex

487 1899 646 1994 ipso
701 1899 1100 1994 Hermippo
1155 1901 1320 1976 illas
1371 1901 1460 1976 de
1510 1899 1775 1977 Solone
1839 1903 2292 1977 narrationes
2354 1901 2714 1994 hausisse,
2796 1901 2899 1974 ita
2951 1897 3164 1974 Her·

484 2041 720 2135 mipp
739 2063 871 2114 um
925 2040 1228 2114 eundem
1279 2041 1586 2134 primum
1631 2039 1906 2117 facinus
1951 2041 2147 2116 istud
2209 2040 2460 2118 Soloni
2521 2038 2913 2114 vindicasse
2978 2057 3163 2112 sum·

487 2177 654 2270 psit.
731 2178 829 2250 At
881 2178 1045 2270 ipsa
1097 2176 1472 2254 Plutarchi
1523 2179 1741 2253 verba
1787 2176 1871 2249 τᾶ
1919 2176 2041 2272 μὲν
2096 2176 2211 2250 οὖν
2256 2175 2545 2276 δημώδη
2601 2183 2735 2248 τῶν
2786 2174 3163 2272 λεγομένων

488 2307 726 2407 τοιαῦτ’
789 2315 932 2388 ἐστ(
971 2318 1284 2412 obstant,
1335 2318 1711 2409 quominus
1763 2322 2148 2408 utrumque
2201 2315 2458 2392 factum
2520 2335 2679 2390 esse
2737 2313 2985 2407 possit.
3081 2310 3163 2389 Si

495 2452 934 2551 Hermippus
987 2457 1142 2549 ipse
1163 2483 1168 2490 ·
1193 2454 1329 2530 fnit
1377 2461 1622 2531 auctor
1678 2456 1872 2530 illius
1913 2455 2432 2548 translationis,
2484 2454 2769 2528 minime
2824 2473 2977 2526 eam
3032 2451 3165 2526 hoc

495 2575 703 2667 modo
754 2593 990 2689 potuit
1039 2600 1166 2668 aut
1214 2595 1710 2669 commendare
1769 2599 1896 2668 aut
1945 2593 2428 2686 comprobare.

703 2729 904 2806 Sane
951 2753 1042 2806 ex
1087 2730 1468 2826 Hermippi
1517 2733 1843 2826 reliquiis
1893 2732 2219 2826 adparet,
2290 2753 2451 2807 eum
2504 2753 2646 2807 uon
2715 2728 2935 2804 fuisse
2990 2729 3162 2803 alie·

493 2889 660 2945 num
700 2868 791 2944 ab
845 2868 1313 2945 admiratione
1362 2867 1676 2947 Solonis.
1767 2869 1957 2963 Quid
2008 2870 2194 2962 quod
2230 2868 2693 2963 Plutarchus,
2742 2869 2865 2961 qui
2899 2869 3163 2963 etipse

499 3003 838 3081 Solonem
915 3006 1157 3083 favore
1251 3009 1552 3100 quodam
1632 3010 2004 3105 amplexus
2060 3016 2193 3099 est,
2268 3009 2664 3105 Hermippo
2740 3008 3175 3083 immeritam.

491 3142 743 3221 Soloni
824 3146 1000 3221 belli
1053 3147 1355 3239 gloriam
1409 3148 1758 3223 tribuenti
1835 3150 2012 3223 satis
2067 3149 2301 3241 dignis
2354 3148 2791 3239 argumentis
2844 3147 3169 3222 adversa·

496 3289 612 3358 tus
667 3274 884 3390 est.²)
975 3282 1325 3361 Attamen
1380 3287 1545 3361 hinc
1596 3288 1686 3363 ad
1737 3293 2058 3362 nostram
2108 3286 2594 3379 quaestionem
2647 3285 3169 3361 diiudicandam

488 3422 844 3498 redundat
893 3424 1098 3497 nihil.
1203 3423 1424 3499 Immo
1479 3424 1964 3501 Onkenius
2010 3426 2204 3517 ipsas
2240 3446 2388 3517 eas,
2444 3423 2704 3516 quibus
2736 3414 3167 3497 Pisistratus

687 3764 762 3846 1)
845 3764 1248 3847 Diogeni,
1299 3766 1414 3849 qui
1468 3766 1536 3829 in
1585 3772 1838 3851 septem
1881 3765 2283 3849 sapientium
2317 3765 2470 3831 vitis
2518 3764 2977 3831 describendis
3021 3786 3168 3851 per·

483 3851 726 3916 multis
771 3849 940 3917 locis
983 3856 1167 3920 certe
1187 3850 1536 3937 Hermippi
1565 3852 1812 3917 librum
1857 3856 2000 3937 περὶ
2042 3856 2165 3917 τῶν
2206 3848 2363 3917 ἑπτὰ
2390 3854 2598 3936 σοφῶν
2640 3854 2961 3936 excussit,
2995 3853 3168 3919 mili-

495 3938 666 4003 taria
711 3935 834 4025 illa,
874 3937 1142 4005 Solonis
1191 3939 1493 4004 facinora
1531 3956 1805 4023 prorsus
1847 3940 2080 4021 ignota
2122 3949 2297 4003 sunt.
2412 3938 2652 4022 Neque
2719 3940 2920 4004 etiam
2986 3940 3165 4023 apud

484 4023 958 4090 Diodorum
1003 4022 1160 4109 (IX)
1205 4024 1576 4110 quidquam
1625 4025 1710 4089 de
1751 4026 1836 4088 iis
1869 4024 2185 4089 traditum
2218 4031 2345 4091 est.
2416 4022 3167 4109 QuocircaWilamo-

484 4130 544 4172 w
566 4112 590 4174 i
613 4116 690 4174 tz
713 4110 794 4175 io
841 4110 1235 4195 adstipulari
1268 4129 1534 4195 nequeo
1563 4112 1761 4176 Hom.
1792 4110 1946 4177 Unt.
1977 4132 2040 4195 p.
2074 4111 2235 4177 251:
2284 4112 2436 4192 ‚Die
2470 4113 2845 4195 Besetzung
2888 4132 3018 4178 von
3051 4112 3164 4177 Ni·

487 4198 632 4261 saia
705 4196 973 4263 kennen
1035 4200 1162 4262 wir
1229 4200 1296 4262 in
1357 4198 1478 4264 der
1525 4197 1956 4281 Darstellung
2014 4197 2138 4262 der
2182 4197 2404 4263 Atthis
2448 4198 2659 4264 durch
2708 4201 2975 4263 Aeneas
3030 4217 3161 4263 von

487 4282 947 4367 Stymphalos,
1003 4284 1107 4349 bei
1154 4284 1556 4370 Hermippus
1601 4284 1942 4366 (Plutarch
1975 4284 2113 4350 und
2148 4284 2403 4351 Diodor
2430 4285 2557 4369 lx)
2605 4285 2785 4351 steht
2828 4287 2999 4367 auch
3046 4286 3167 4351 das

485 4377 627 4435 eret
669 4372 738 4432 in
773 4367 1100 4453 jungerer
1139 4371 1500 4455 Fassung.‘

701 4454 770 4535 2)
859 4455 1034 4523 Plut.
1075 4458 1212 4523 Sol.
1242 4458 1348 4523 11.
1399 4458 1474 4521 In
1521 4458 1648 4521 hac
1693 4476 1764 4522 re
1808 4455 2171 4522 Plutarcho
2214 4458 2341 4543 ipsi
2384 4459 2617 4541 optimi
2661 4458 2881 4524 sontes
2927 4476 3167 4543 suppe-

493 4542 900 4624 ditaverunt,
977 4544 1042 4609 id
1093 4543 1272 4628 quod
1319 4545 1387 4608 in
1433 4544 1633 4609 rebus
1693 4543 1776 4609 ad
1825 4542 2172 4608 oraculum
2222 4543 2721 4628 Delphicum
2777 4546 3167 4629 pertinenti·

494 4628 616 4694 bus
662 4630 934 4713 saepius
991 4633 1304 4695 cernitur.
1412 4631 1559 4695 Hoc
1601 4630 2095 4713 respiciendum
2142 4631 2427 4696 sontium
2473 4630 3024 4696 Plutarcheorum
3070 4632 3168 4695 in·

491 4717 1038 4797 vestigatoribus.
1097 4716 1374 4782 Minime
1432 4719 1610 4781 enim
1655 4715 1978 4800 Ungero
2022 4716 2385 4799 adsentior,
2436 4718 2550 4800 qui
2586 4715 2779 4798 (Phil.
2815 4720 2980 4783 Anz.
3013 4716 3167 4782 VIII

379 4805 386 4815 “
486 4810 558 4886 p.
603 4800 758 4887 422)
803 4822 892 4868 ex
931 4822 1040 4885 eo,
1103 4804 1284 4888 quod
1331 4804 1713 4869 testimonia
1775 4822 1814 4867 a
1861 4802 2219 4868 Plutarcho
2266 4803 2390 4868 hoc
2434 4802 2584 4868 loco
2647 4803 2855 4868 allata
2912 4805 3167 4886 gravis-

494 4889 666 4952 sima
712 4894 780 4953 et
809 4889 1208 4974 dignissima
1239 4896 1418 4972 sunt,
1466 4889 1899 4955 Plutarchum
1937 4891 2167 4955 omnia
2202 4890 2366 4955 haec
2396 4891 2463 4953 in
2490 4907 2629 4953 uno
2662 4895 2731 4954 et
2774 4889 3014 4956 eodem
3054 4908 3169 4955 au·

389 5033 398 5046 ,
490 4980 676 5039 ctore
701 4978 986 5058 (cogitat
1007 4974 1126 5042 ille
1149 4977 1234 5042 de
1257 4976 1361 5043 Da
1378 4975 2091 5057 emachoPlataeensi)
2116 4981 2433 5060 congesta
2458 4978 2803 5041 invenisse
2822 4976 3171 5045 conclusit.
