4057 5790
1929 563 2489 631 -108-

870 805 982 876 his
1048 805 1135 876 de
1205 805 1438 876 rebus·
1479 803 1980 876 divinaverunt
2026 802 2311 891 recoqui
2363 821 2613 891 parum
2668 797 2952 876 referat.
3063 795 3363 872 Constat
3412 799 3545 872 hoc

876 963 1118 1036 unum,
1176 962 1259 1014 eo
1313 947 1662 1032 tempore,
1719 961 1872 1014 cum
1917 936 2403 1011 Athenienses
2457 939 2719 1010 iterum
2766 937 2879 1010 his
2929 937 3340 1028 regionibus
3394 955 3547 1010 ocu-

874 1079 978 1151 los
1063 1100 1230 1151 suos
1311 1079 1795 1169 adverterent,
1877 1073 2354 1168 Mytilenaeos
2399 1076 2535 1146 iam
2593 1097 2843 1148 rursus
2902 1096 3096 1148 oram
3148 1076 3350 1148 istam
3408 1075 3545 1147 sibi

873 1217 1364 1290 vindicavisse.
2429 1211 2437 1219 ’

1078 1354 1328 1446 Itaque
1383 1355 1520 1425 iam
1577 1358 1864 1424 transeo
1921 1351 2006 1423 ad
2066 1351 2359 1423 alteram
2390 1351 2938 1424 Atheniensium
2996 1350 3546 1441 occupationem,

873 1515 1076 1584 quam
1131 1493 1676 1566 Pisistrato
1724 1491 1900 1566 duce
1956 1489 2210 1564 factam
2265 1511 2420 1563 esse
2476 1487 3002 1562 Herodotus
3064 1488 3395 1581 perhibet
3454 1485 3543 1558 V.

875 1632 1010 1702 94:
1051 1620 1289 1726 Ἱππίῃ
1345 1627 1420 1699 δὲ
1473 1626 1778 1699 ἐνθεῦτεν
1835 1625 1900 1724 (e
1956 1625 2523 1722 Lacedaemone)
2580 1624 3102 1722 ἀπελαυνομένῳ
3156 1624 3373 1696 ἐδίδου
3426 1623 3546 1718 μὲν

863 1761 1205 1864 Ἀμύντης
1289 1768 1323 1836 ὅ
1388 1759 1724 1836 Μακεδὼν
1787 1759 2275 1859 Ἀνθεμοῦντα,
2345 1762 2655 1856 ἐδίδοσαν
2730 1761 2803 1833 δὲ
2884 1758 3215 1834 Θεσσαλοὶ
3256 1757 3547 1834 Ἰωλκόν·

879 1908 914 1975 ὁ
970 1904 1046 1977 δὲ
1097 1905 1346 1975 τούτων
1424 1902 1544 1998 μὲν
1613 1897 1931 2000 οὐδέτερα
2005 1904 2289 2000 αἱρέετο,
2360 1902 2700 2000 ἀνεχώρεε
2755 1900 2830 1972 δὲ
2884 1901 3101 1973 ὀπίσω
3154 1901 3223 1978 ἐς
3275 1899 3548 1996 Σίγειον,

877 2043 950 2114 τὸ
1006 2043 1149 2114 εἷλε
1204 2038 1672 2139 Πεισίστρατος
1733 2041 1952 2137 αἰχμῇ
2014 2040 2204 2138 παρὰ
2256 2035 2749 2137 Μυτιληναίων,
2810 2041 3151 2137 κρατήσας
3208 2037 3282 2110 δὲ
3348 2037 3551 2110 αὐτοῦ

875 2181 1244 2277 κατέστησε
1325 2180 1640 2277 τύραννον
1715 2179 1883 2250 εἶναι
1949 2177 2167 2250 παῖδα
2239 2179 2348 2248 τὸν
2424 2179 2674 2248 ἑωυτοῦ
2748 2173 2942 2247 νόθον
2996 2170 3549 2276 εΗγησίστρατον,

885 2320 1206 2414 γεγονότα
1283 2317 1352 2398 ἐξ
1419 2313 1740 2416 Ἀργείης
1792 2317 2111 2412 γυναικὸς,
2193 2315 2263 2394 ὃς
2334 2315 2447 2386 οὐκ
2516 2315 2817 2414 ἀμαχητὶ
2882 2317 3024 2411 εἶχε
3068 2316 3152 2387 τὰ
3202 2313 3553 2415 παρέλαβε

885 2457 1075 2557 παρὰ
1126 2453 1616 2552 Πεισιστράτου.
1737 2456 1942 2547 Quod
1995 2456 2265 2528 bellum
2320 2477 2458 2546 quo
2512 2463 2831 2546 tempore
2886 2456 3325 2529 incohaverit
3376 2454 3553 2527 Pisi-

895 2604 1200 2688 stratus,
1252 2589 1576 2669 homiues
1624 2595 1812 2668 docti
1863 2595 2069 2667 valde
2121 2595 2586 2686 dissentiunt,
2636 2595 2832 2667 velut
2887 2593 3373 2668 Schoenius
3426 2594 3548 2668 l.l.

834 2762 844 2772 .
884 2761 952 2830 p.
999 2737 1038 2804 7
1050 2736 1144 2808 49
1195 2733 1561 2808 Pisistrati
1615 2731 1886 2807 facinus
1939 2734 2257 2806 militare
2312 2735 2453 2826 ipsi
2506 2734 2710 2805 initio
2766 2734 2917 2806 eius
2961 2733 3359 2826 tyrannidis
3408 2733 3554 2804 vin-

888 2874 1076 2985 dicat
1131 2872 1244 2964 (ca
1284 2873 1378 2946 ol.
1417 2870 1780 2965 55—57)‚
1839 2869 2198 2945 Curtius
2256 2869 2384 2945 Gr.
2426 2870 2514 2945 G.
2548 2868 2628 2945 1⁵
2674 2898 2742 2985 p.
2779 2872 2925 2955 349
2967 2869 3164 2963 Sigei
3202 2890 3555 2963 expugna-

883 2970 1148 3086 tionem
1219 3011 1307 3084 ad
1367 3010 1670 3084 alterum
1726 3011 2011 3103 tyranni
2062 3010 2384 3101 exilium,
2448 3008 2965 3082 Dunckerus
3022 3008 3116 3084 G.
3160 3009 3227 3082 d.
3260 3007 3351 3081 A.
3408 3004 3555 3079 V1⁵

879 3173 950 3243 p.
997 3151 1147 3222 46¹7
1204 3150 1510 3243 denique
1569 3149 1656 3221 ad
1711 3150 1994 3221 tertiam
2052 3150 2204 3221 eius
2256 3148 2709 3241 tyrannidem
2760 3154 3070 3222 revocat.
3101 3144 3144 3244 ¹)
3544 3124 3558 3129 ’

1081 3286 1430 3379 Equidem
1511 3294 1881 3381 postquam
1950 3294 2270 3361 veterum
2354 3289 2775 3380 scriptorum
2839 3307 3018 3378 quae
3100 3286 3235 3358 huc
3289 3284 3557 3357 faciunt

887 3427 1296 3499 testimonia
1363 3428 1770 3501 accuratius
1825 3428 2124 3518 excussi,
2180 3428 2663 3517 quaestionem
2716 3426 2923 3517 hanc,
2992 3442 3142 3497 cum
3202 3424 3353 3497 sola
3400 3444 3561 3515 pro-

877 3564 1248 3637 babilitate
1324 3566 1458 3636 niti
1521 3565 1736 3639 liceat
1817 3566 1907 3637 ad
1963 3565 2309 3656 liquidum
2362 3566 2647 3637 omnino
2728 3586 2939 3656 posse
2993 3563 3287 3655 perduci
3342 3582 3555 3651 nega·

783 3704 790 3717 '
875 3704 1122 3775 verim.
1232 3705 1568 3775 Attamen
1645 3703 1994 3776 nonnulla
2067 3704 2348 3794 quidem
2412 3705 2781 3794 aliquanto
2841 3702 3272 3795 expressius,
3339 3721 3547 3791 quam

877 3841 1107 3916 adhuc
1160 3839 1418 3914 factum
1469 3847 1604 3934 est,
1659 3847 1848 3915 certe
1901 3848 2207 3937 possunt
2260 3843 2692 3916 adumbrari.

1084 3978 1502 4055 Schoenii
1580 3982 2004 4054 sententiam
2070 3982 2398 4057 caducam
2466 4003 2623 4054 esse
2696 4002 2784 4053 ex
2845 3979 2975 4072 eiS‚
3050 4001 3228 4071 quae
3284 3978 3549 4053 Hero·
3648 3986 3655 3993 ’

875 4118 1142 4191 dotus
1195 4120 1280 4190 de
1329 4119 1689 4210 prioribus
1728 4096 2093 4191 Pisistrati
2129 4119 2443 4209 imperiis
2482 4119 2752 4210 ret-ulit,
2810 4120 2982 4190 satis
3034 4117 3268 4193 elucet
3318 4120 3369 4204 I,
3413 4118 3544 4189 60:

873 4248 1071 4326 Μετὰ
1124 4254 1198 4325 δὲ
1253 4253 1328 4325 οὐ
1384 4254 1630 4325 πολλὸν
1685 4258 1922 4352 χρόνον
1976 4255 2188 4327 τώυτὸ
2245 4256 2694 4353 φρονήσαντες
2750 4256 2817 4326 οἵ
2863 4280 2935 4327 τε
2986 4261 3102 4327 τοῦ
3154 4250 3549 4350 Μεγακλέος

875 4402 1237 4465 στασιῶται
1300 4393 1410 4465 καὶ
1474 4398 1535 4465 οἱ
1595 4400 1709 4465 τοῦ
1761 4391 2142 4492 Λυκούργου
2220 4393 2647 4474 ἐξελαύνουσί
2698 4420 2823 4490 μιν·
2906 4393 3079 4465 οὕτω
3147 4392 3266 4489 μὲν
3321 4391 3545 4465 Πεισί-

875 4556 1154 4631 στρατος
1208 4530 1371 4628 ἔσχε
1421 4533 1494 4603 τὸ
1529 4542 1795 4631 ,πρῶτον
1841 4526 2149 4631 Ἀθήνας
2200 4533 2311 4603 καὶ
2357 4534 2477 4630 τὴν
2530 4533 2887 4633 τυραννίδα
2940 4530 3140 4603 οὔκω·
3170 4535 3379 4631 κάρτα
3432 4532 3547 4632 ἐρ-

1090 4876 1163 4954 1)
1212 4874 1260 4936 Β
1289 4874 1722 4939 usoltius
1801 4874 1915 4938 Gr.
1969 4872 2053 4937 G.
2120 4872 2149 4937 Ι
2192 4894 2257 4958 p.
2311 4874 2437 4939 563
2516 4876 2712 4940 huius
2758 4875 2915 4940 belli
2964 4879 3227 4961 tempus
3273 4896 3545 4942 accura-

877 4961 1158 5026 tioribus
1201 4964 1499 5027 terminis
1545 4963 1824 5026 omnino
1869 4978 2002 5026 non
2052 4960 2423 5045 descripsit.
