4057 5790
1563 577 2068 644 ..45-..

481 825 786 915 tyranno
842 818 1177 912 (Thuml,
1207 812 1390 916 126)
1445 816 1717 891 viribus
1771 821 1846 890 et
1895 813 2149 908 opibus
2201 815 2501 893 maxime
2554 813 2915 888 florerent.
2998 812 3157 888 Hoc

482 979 657 1032 sane
713 957 1160 1049 aliquomodo
1212 953 1388 1031 Nie
1411 957 1547 1029 sio
1603 954 2094 1048 explicandum
2139 952 2296 1028 fuit.

688 1093 834 1171 Sed
885 1095 1024 1168 iam
1078 1094 1322 1189 paullo
1377 1094 1594 1168 altius
1647 1097 1966 1185 repetam
2039 1111 2327 1168 necesse
2392 1099 2525 1166 est.
2611 1090 2785 1166 Fuit
2834 1089 3009 1164 satis
3054 1091 3155 1164 in·

482 1238 802 1308 veterata
833 1241 907 1308 et
934 1235 1244 1327 posteris
1271 1232 1719 1326 temporibus
1748 1232 2035 1325 penitus
2070 1231 2291 1306 insita
2315 1231 2859 1342 Atheniensium
2889 1229 3148 1322 opinio,

483 1369 786 1447 Salam
810 1372 836 1444 i
861 1393 968 1445 na
1018 1371 1418 1462 antiquitus
1472 1391 1630 1447 cum
1679 1371 1838 1464 ipsa
1887 1375 2087 1442 terra
2120 1370 2371 1446 Attica
2416 1375 2571 1443 arte
2608 1367 2828 1444 fnisse
2873 1369 3157 1445 conium·

482 1517 686 1587 ctam.
790 1507 1012 1585 Ouins
1054 1510 1412 1602 opinionis
1450 1509 1790 1583 memoria
1837 1510 1910 1581 in
1952 1508 2308 1582 variarum
2346 1506 2749 1583 fabularum
2798 1508 2894 1582 ad
2928 1508 3157 1600 ipsam

478 1648 660 1722 hanc
713 1647 1309 1724 necessitudinem
1365 1647 1830 1757 spectantium
1884 1647 2324 1738 argumentis
2387 1652 2673 1721 servata
2716 1652 2847 1722 est.
2923 1642 3149 1720 Athe-

479 1787 768 1861 nienses
844 1787 985 1880 ipsi
1040 1789 1392 1880 quomodo
1440 1790 1529 1862 de
1585 1786 1970 1864 Salaminis
2022 1789 2461 1882 proprietate
2514 1786 3008 1877 iudicaverint-4
3066 1807 3157 1858 ex

478 1924 780 1998 Pausa
804 1925 999 1998 niae
1065 1925 1216 2001 loco
1287 1928 1552 2020 optime
1621 1927 1940 2002 cernitur
1992 1929 2047 1999 Ι.
2106 1927 2227 2019 405
2296 1928 2381 1998 5:
2457 1923 2849 2018 ὁμολογοῦσι
2918 1920 2993 1995 δὲ
3043 1922 3155 1995 καὶ

471 2056 830 2161 Ἀθηναῖοι
880 2064 1122 2161 χρόνον
1175 2063 1316 2136 τινὰ
1367 2057 1791 2164 Μεγαρεῦσιν
1845 2063 2223 2162 ἀποστῆναι
2272 2070 2392 2161 τῆς
2441 2063 2665 2160 νήσου.
2744 2060 2859 2136 Ex
2906 2061 3153 2136 eodem

480 2199 674 2276 fonte
700 2202 1060 2276 fluxerunt
1089 2224 1277 2293 quae
1317 2204 1587 2297 scripta
1613 2209 1781 2278 sunt
1807 2204 1999 2297 apud
2034 2203 2521 2276 Aristidem
2564 2204 2595 2274 1
2632 2224 2705 2295 p.
2745 2202 2896 2276 708
2932 2201 3153 2274 Dind.

481 2340 703 2412 ἀκούω
757 2338 834 2412 δὲ
903 2341 1016 2414 καὶ
1076 2340 1228 2419 τοὺς
1295 2344 1661 2440 προγόνους
1735 2343 1932 2441 ἡμῶν
2009 2339 2163 2419 τοὺς
2240 2332 2340 2414 ἐπ’
2412 2339 2675 2412 ἐκείνων
2725 2347 2859 2411 τῶν
2910 2347 3157 2438 καιρῶν

481 2476 851 2576 ἀποστῆναι
899 2475 1284 2574 Σαλαμῖνος
1327 2473 1715 2577 Μεγαρεῦσι
1765 2479 2002 2577 χρόνον
2059 2476 2249 2550 ἔστιν,
2284 2478 2377 2550 ὅν.
2484 2476 2642 2554 Nec
2690 2500 2833 2552 non
2899 2500 2947 2551 a
2966 2499 3155 2570 rgu-

481 2641 664 2693 men
684 2620 800 2693 tis
836 2619 1173 2695 carebant
1211 2618 1728 2713 Athenienses,
1781 2619 2055 2710 quibus
2088 2619 2561 2692 inveteratam
2615 2617 2801 2691 hanc
2849 2617 3163 2713 proprie-

483 2763 702 2831 tatem
767 2754 1156 2830 efficerent.
1253 2758 1396 2830 Iam
1472 2727 1769 2831 ineunte
1831 2755 1956 2831 VI.
2013 2757 2299 2833 saeculo
2353 2742 2565 2829 huius
2626 2756 2735 2829 rei
2788 2757 2997 2830 testis
3050 2777 3156 2831 ao-

480 2897 668 2970 citur
719 2895 1182 2969 Homerus.
1242 2891 1736 2989 Apollodorus
1783 2890 2002 2995 (apud
2044 2893 2280 2973 Strah.
2339 2917 2410 2988 p.
2450 2893 2669 2989 394):
2723 2895 2837 2967 καί
2882 2919 3047 2993 φασι
3099 2898 3160 2966 οἱ

483 3031 602 3128 μὲν
655 3028 1314 3132 Πεισίστρατον
1374 3036 1434 3106 οἱ
1514 3034 1590 3105 δὲ
1651 3031 1993 3105 Σόλωνα
2082 3032 2659 3133 παρεγγράψαντα
2708 3033 2779 3105 ἐν
2828 3034 2929 3132 τῷ
2987 3042 3157 3106 νεῶν

481 3170 838 3268 καταλόγῳ
913 3226 930 3243 .
963 3225 979 3242 .
1012 3225 1029 3242 .
1095 3173 1373 3270 μάρτυρι
1450 3168 1842 3270 χρήσασθαι
1913 3170 2014 3269 τῷ
2094 3171 2345 3270 ποιητῇ
2421 3177 2535 3243 τοῦ
2612 3173 2735 3270 τὴν
2811 3178 3011 3271 νῆσον
3086 3170 3159 3253 ἐξ

486 3308 704 3408 ἀρχῆς
743 3302 1138 3407 Ἀθηναίων
1193 3307 1497 3409 ὑπάρξαι.
1615 3306 1775 3384 Hoc
1849 3314 2172 3405 tempore
2226 3330 2473 3383 versus
2539 3310 2650 3383 illi
2728 3310 2802 3383 in
2858 3309 3161 3385 Homeri

483 3449 798 3527 carmina
849 3449 1112 3523 intrusi
1168 3455 1360 3541 sunt,
1418 3449 1508 3524 ad
1557 3470 1731 3540 quos
1792 3448 2271 3524 Athenienses
2315 3467 2546 3523 coram
2597 3447 2890 3525 arbitris
2944 3448 3159 3524 Lace-

486 3586 878 3660 daemoniis
928 3586 1422 3679 provocavisse
1477 3593 1766 3679 postero
1843 3590 2164 3681 tempore
2231 3586 2668 3661 ferebantur.
2775 3586 2979 3681 Quae
3038 3607 3159 3661 res

485 3724 671 3816 apud
725 3722 1324 3801 Plutarchum
1383 3720 1712 3823 (Somo)
1770 3725 2117 3798 tribuitur
2172 3722 2463 3803 Soloni:
2536 3728 2597 3815 οἱ
2647 3724 2768 3821 μὲν
2822 3725 2936 3798 οὖν
2989 3726 3203 3800 πολι

483 3859 585 3931 λοὶ
647 3860 750 3958 τῷ
802 3858 1057 3932 Σόλωνι
1128 3859 1712 3958 συναγωνίσασθαι
1776 3862 2040 3958 λέγουσι
2106 3863 2225 3961 τὴν
2278 3856 2585 3963 Ὁμήρου
2656 3861 2874 3945 δόξαν·
2944 3862 3159 3965 ἐμβα-

482 3998 560 4071 λό
574 4022 700 4069 ντα
745 3998 871 4097 γὰρ
933 3998 1132 4071 αὐτὸν
1187 3998 1349 4077 ἔπος
1402 4001 1494 4075 εἰς
1544 3982 1714 4072 νεῶ’ν
1767 4000 2137 4096 κατάλογον
2200 4002 2312 4075 ἐπὶ
2366 4010 2488 4100 τῆς
2550 4001 2733 4101 δίκης
2782 4002 3161 4097 ἀναγνῶναι

489 4136 574 4213 cf.
625 4138 840 4213 etiam
898 4136 1108 4229 Diog.
1165 4136 1252 4213 L.
1306 4139 1336 4210 I
1383 4138 1430 4233 ξ
1469 4140 1587 4212 48.
1605 4134 1657 4236 ¹)
1713 4136 2109 4214 Vindicant
2160 4141 2298 4215 sibi
2344 4147 2723 4235 praeterea
2768 4139 3179 4217 Athenien--

485 4298 600 4351 ses
649 4283 930 4351 veteres
977 4277 1310 4351 heroes
1364 4274 1960 4369 Salaminios,
2015 4280 2275 4372 quippe
2332 4280 2453 4369 qui
2504 4280 2594 4353 ab
2646 4280 2819 4371 ipsis
2876 4281 3159 4356 civitate

791 4448 843 4455 --

684 4549 755 4630 1)
801 4548 1168 4629 Volgarem
1203 4550 1378 4613 hane
1407 4551 1792 4634 opinionem
1825 4554 2025 4616 etiam
2066 4553 2585 4619 Aristoteles
2619 4555 2821 4618 refert·
2848 4555 2918 4618 in
2954 4554 3149 4621 Rhet.

482 4636 544 4718 I,
581 4638 662 4701 15
696 4654 713 4696 ε
758 4634 888 4699 οἷον
924 4634 1256 4716 Ἀθηναῖοι
1277 4632 1540 4725 ιΟμήρῳ
1583 4636 1842 4723 μάρτυρι
1878 4637 2203 4725 ἐχρήσαντο
2234 4646 2375 4726 περὶ
2404 4638 2769 4724 Σαλαμῖνος.
2823 4639 3031 4705 Cuius
3064 4644 3159 4707 rei

485 4724 788 4788 notitiam
823 4738 910 4785 ex
931 4739 972 4784 a
993 4740 1034 4784 n
1058 4722 1188 4786 nal
1209 4724 1228 4785 i
1249 4720 1346 4785 bu
1367 4740 1398 4785 s
1421 4722 1736 4787 Atticis
1767 4723 1853 4788 ad
1891 4725 2319 4791 Aristotelem
2352 4746 2689 4809 manasse,
2726 4728 2963 4793 dubito
2998 4748 3157 4793 num

487 4814 666 4874 reete
713 4808 1023 4873 statuerit
1066 4806 1360 4873 Wilem
1385 4810 1539 4871 owi
1565 4810 1742 4873 tziu
1768 4828 1798 4873 s
1842 4810 2042 4875 Hom.
2079 4810 2235 4877 Unt.
2274 4832 2345 4896 p.
2378 4813 2507 4877 242
2551 4832 2652 4899 sq.
2693 4834 2848 4879 oum
2904 4812 3159 4880 Plutar-

489 4897 652 4959 chus
679 4894 1112 4978 (Hermippus
1127 4895 1191 4974 ?)
1235 4896 1568 4977 expressis
1599 4896 1824 4961 verbis
1870 4897 2203 4963 addiderit
2248 4898 2453 4965 haece
2484 4900 2659 4984 (Sol.
2694 4902 2843 4987 1o):
2876 4897 3061 4970 Aetna
3092 4901 3157 4969 δ’

479 4980 808 5061 Ἀθηναῖοι
851 4983 1038 5046 ταῦτα
1081 4986 1192 5065 μὲν
1232 4980 1462 5046 οἴονται
1508 4984 1806 5071 φλυαρίαν
1851 4980 2030 5053 εἶναι.
