4057 5790
1748 1508 1832 1622 I.

678 1908 1042 1982 Pisistrati
1099 1931 1352 1984 nomen
1409 1912 1714 2002 primum
1764 1918 2061 2006 apparet
2117 1913 2191 1983 in
2248 1933 2333 1984 eo
2386 1911 2605 2004 bello,
2668 1911 2857 2002 quod
2930 1909 3142 1984 Athe-

470 2049 755 2120 nienses
809 2067 964 2122 cum
1022 2045 1570 2138 Megarensibus
1627 2049 1715 2122 de
1772 2047 2197 2124 Salamine
2256 2055 2655 2141 gesserunt.
2764 2047 2990 2139 Quam
3042 2047 3143 2118 in-

475 2186 700 2260 sulam
756 2185 1042 2260 Solonis
1097 2193 1331 2259 aetate
1385 2185 1916 2278 Megarensium
1982 2187 2201 2262 fuisse
2270 2210 2494 2279 eoque
2568 2186 2726 2260 vivo
2800 2184 2873 2260 in
2929 2183 3153 2258 Athe·

477 2323 825 2434 niensium
903 2329 1326 2418 potestatem
1410 2326 1764 2400 redactam
1843 2347 2022 2413 esse,
2104 2331 2401 2400 constat.
2526 2323 2831 2399 Salamis
2915 2323 3152 2396 insula

477 2461 818 2534 historiae
883 2463 1149 2534 lumine
1220 2460 1600 2536 Solonis
1672 2465 1948 2537 demum
2003 2465 2445 2557 temporibus
2504 2463 2987 2554 collustratur,
3040 2460 3153 2532 cui

478 2599 613 2692 ipsi
667 2601 967 2673 maximo
1022 2601 1280 2676 honori
1334 2602 1576 2674 datum
1627 2607 1763 2692 est,
1818 2601 2006 2693 q‘uod
2060 2603 2546 2694 gravissimam
2602 2601 2793 2674 illam
2845 2599 3149 2673 insulam

345 2803 362 2814 .
478 2737 1046 2814 Atheniensibus
1095 2741 1166 2810 in
1224 2747 1646 2832 perpetuum
1705 2741 2148 2816 subiecisset.
2257 2739 2478 2812 Cuius
2542 2744 2647 2811 rei
2725 2738 2954 2830 gloria
3008 2759 3150 2810 non

481 2880 770 2953 minoris
843 2878 1234 2952 ducebatur
1299 2902 1426 2971 ea,
1499 2901 1706 2970 quam
1779 2877 2060 2969 legibus
2130 2878 2655 2952 conscribendis
2719 2877 3155 2968 conquisive-

481 3024 592 3092 rat
646 3016 840 3092 Solo.
2474 3002 2479 3010 ’

681 3154 837 3229 Nec
891 3156 1130 3229 tameu'
1166 3156 1446 3242 desunt,
1505 3156 1625 3245 qui
1680 3156 1893 3228 etiam
1947 3155 2523 3231 Pisistratum
2592 3156 2965 3228 maximum
3025 3155 3151 3227 illo

479 3294 670 3368 bello
725 3293 1064 3368 honorem
1115 3301 1567 3380 consecutum
1624 3316 1780 3367 esse
1835 3294 2177 3367 referant.
2284 3292 2432 3367 Res
2488 3294 2576 3367 ab
2632 3317 2714 3367 eo
2780 3295 2907 3366 illo
2960 3294 3151 3367 bello

488 3434 861 3525 praeclare
943 3440 1188 3525 gestae
1278 3440 1527 3525 postea
1616 3434 1820 3523 quasi
1905 3432 2443 3506 fundamentum
2515 3434 2669 3507 eius
2750 3432 3151 3527 tyrannidis

483 3573 840 3646 exstitisse
888 3572 1239 3646 feruntur.

686 3704 1150 3785 Recentio'res
1226 3711 1610 3805 scriptores
1696 3712 2039 3802 quidquid
2112 3712 2199 3783 de
2254 3710 2445 3783 bello
2499 3710 2626 3781 illo
2683 3711 3150 3805 scripserunt,

482 3850 778 3921 maxime
837 3851 942 3922 eis
997 3850 1350 3942 nituntur,
1400 3871 1580 3939 quae
1634 3845 2154 3922 Plutarchus
2207 3849 2281 3920 in
2333 3850 2477 3921 vita
2517 3846 2804 3922 Solonis
2845 3850 2932 3923 de
2985 3855 3155 3941 tem,

481 4008 652 4078 pore
691 3995 765 4061 et
792 3988 979 4061 'duce
1017 3989 1188 4063 belli
1227 3986 1599 4062 Salaminii
1635 3989 2014 4080 exposuit„
2094 3993 2191 4060 At
2227 3987 2621 4061 narrationi
2660 3987 3159 4062 Plutarcheae·

484 4127 798 4215 quamvis
855 4128 929 4200 in
984 4128 1095 4201 his
1151 4128 1366 4200 rebus
1423 4128 1950 4220 copiosissimus
2021 4138 2094 4199 et
2158 4127 2555 4200 uberrimus
2629 4124 2785 4200 fons
2859 4128 2975 4220 sit,
3055 4127 3158 4200 ni·

485 4266 694 4338 miam
743 4264 1078 4339 homines·
1121 4268 1310 4340 docti
1355 4250 1850 4342 auctoritatem
1891 4266 2307 4339 attribuisse
2362 4266 2716 4342 videntur.

689 4406 948 4479 Tradit
1001 4406 1430 4481 Plutarchus
1481 4404 1664 4503 (Sol.
1723 4405 1804 4494 8)
1862 4403 2370 4499 AthenienseS,
2453 4410 2777 4483 versibus
2825 4406 3156 4496 elegiacis

487 4540 771 4616 Solonis
821 4544 1110 4638 auditis,
1166 4546 1646 4636 persuadente
1701 4543 2045 4639 imprimis
2100 4542 2521 4637 Pisistrato,
2590 4549 2853 4620 bellum
2911 4552 3157 4622 contra

485 4680 952 4773 Megarenses
1002 4684 1400 4758 decrevisse
1437 4684 1750 4774 bellique
1791 4682 2038 4757 ducem
2079 4680 2327 4756 fecisse
2368 4682 2729 4759 Solonem.
2838 4685 3157 4779 Sequun-

487 4826 606 4892 tur
667 4822 846 4894 duae
915 4823 1402 4917 narrationes,
1484 4824 1675 4896 inter
1740 4844 1815 4895 se
1886 4822 2097 4914 plane
2167 4820 2617 4918 differentes,
2693 4828 2949 4917 quibus
3004 4828 3162 4919 ipsa

493 4960 788 5032 insulae*
829 4963 1257 5052 expugnatio
1314 4964 1758 5037 describitur.
1893 4963 2215 5035 Priorem
2295 4962 2375 5033 τὰ
2434 4962 2719 5061 δημώδη
2775 4975 2907 5035 τῶν
2961 4966 3158 5061 lxx-:Yo-

2720 5102 2749 5153 ι
