4057 5790
1911 539 2474 628 -1282-

862 799 1106 870 ersten
1161 792 1556 886 Erhebung
1611 796 1734 870 des
1789 793 2296 896 Tyrannenfff)
2367 796 2626 872 Incidit
2666 797 2889 886 igitur
2936 817 3025 870 ex
3074 797 3203 872 hac
3256 816 3533 892 compu-

831 933 1124 1013 ,tatione
1179 933 1552 1008 seditionis
1613 934 1894 1008 initium
1945 936 2020 1010 in
2077 931 2312 1018 551l0
2366 957 2649 1010 annum.
2770 933 2919 1010 Iam
2986 957 3153 1009 vero
3204 954 3358 1010 cum
3412 957 3528 1008 se-

858 1069 1160 1144 cundum
1209 1067 1639 1144 Herodoti
1691 1073 2169 1145 narrationem
2218 1075 2489 1148 tertio
2544 1075 2823 1148 demum
2878 1073 3245 1148 Pisistrati
3294 1075 3517 1169 impe·

861 1207 972 1282 rio
1016 1206 1570 1282 Alcmaeonidae
1611 1210 1912 1303 primum
1952 1213 2379 1302 gravissima
2428 1213 2571 1286 ista
2604 1235 2836 1305 poena
2872 1211 3127 1286 adfecti
3178 1233 3337 1286 esse
3374 1233 3531 1304 pos-

861 1347 1030 1438 sint,
1113 1345 1453 1438 Ungerus
1525 1347 1984 1424 Pisistratum
2068 1373 2154 1428 eo
2233 1359 2555 1445 tempore
2640 1347 2941 1450 (551J0)
3018 1352 3159 1424 iam
3239 1350 3529 1425 tertium

860 1484 1171 1562 Athenis
1225 1489 1634 1578 regnavisse
1685 1489 2109 1564 concluditn

1077 1622 1222 1698 Sed
1281 1626 1434 1698 eins
1485 1625 1936 1700 ratiocinatio
1986 1647 2137 1700 cum
2193 1628 2333 1719 ipsi
2387 1629 2680 1704 Isocrati
2734 1628 3098 1702 adversari
3151 1633 3299 1702 tum
3350 1633 3533 1704 cete-

861 1785 1102 1840 rorum
1151 1764 1573 1856 scriptorum
1623 1767 2053 1840 testimoniis
2106 1766 2368 1840 affatim
2422 1768 2595 1840 mihi
2622 1765 2917 1858 infringi
2945 1768 3248 1840 videtur.
3336 1765 3527 1840 Nam

861 1903 1166 1996 primum
1215 1904 1496 1992 quidem
1551 1925 1589 1976 e
1645 1905 2247 1996 praecedentibus
2316 1907 2645 1982 Isocratis
2704 1906 2941 1980 verbis
2992 1906 3265 1996 liquido
3324 1905 3531 1998 adpa-

862 2047 998 2135 ret,
1052 2047 1410 2116 oratorem
1469 2042 1982 2118 discordiarum
2038 2043 2318 2117 initium
2369 2045 2533 2117 inde
2599 2065 2642 2117 a
2667 2045 2713 2118 b
2774 2065 2859 2120 eo
2905 2051 3225 2135 tempore
3276 2044 3533 2138 repeti-

863 2181 1076 2273 visse,
1126 2202 1264 2272 quo
1303 2181 1608 2302 primurn
1641 2182 1832 2254 inter
1869 2187 2240 2272 utramque
2276 2181 2611 2256 familiam
2666 2183 3107 2256 alienatio
3160 2183 3288 2254 illa
3342 2180 3529 2258 facta

853 2324 1068 2394 esset.
1173 2317 1379 2392 Hanc
1433 2339 1602 2391 vero
1678 2319 1846 2394 inde
1905 2326 2138 2394 ortam
2230 2341 2415 2415 esse,
2485 2322 2673 2413 quod
2722 2321 3167 2415 tyrannidem
3227 2318 3529 2392 Athenis

854 2455 1289 2547 adripuisset
1349 2455 1955 2551 Pisistratus,
2047 2465 2373 2550 apertum
2454 2467 2584 2534 est.
2730 2460 2939 2552 Quod
2995 2461 3171 2550 ipsis
3224 2459 3567 2559 oratorisr

853 2595 1091 2668 verbis
1163 2597 1336 2668 satis
1406 2595 1930 2687 comprobatur:
2044 2602 2379 2691 συγγενεῖς
2430 2561 2575 2695 ’γὰρ
2645 2597 2825 2674 ὄντες
2873 2593 3347 2696 Πεισιστράτου
3418 2595 3531 2666 καὶ

852 2732 1038 2832 πρὶν
1120 2732 1233 2808 εἰς
1283 2732 1430 2830 τὴν
1498 2731 1761 2834 ἀρχὴν
1819 2741 2351 2832 καταστῆναι
2420 2728 2666 2829 μάλιστ’
2738 2733 2931 2834 αὐτῷ
2993 2737 3337 2832 χρώμενοι
3396 2741 3529 2805 τῶν

856 2869 1168 2955 πολιτῶν,
1217 2869 1333 2943 οὐκ
1368 2869 1664 2970 ἠξίωσαν
1719 2877 2076 2968 μετασχεῖν
2130 2879 2248 2971 τῆς
2292 2871 2537 2945 ἐκείνου
2584 2872 2983 2973 τυραννίδος.
3064 2872 3312 2949 Refert
3338 2894 3536 2968 prae-

851 3018 1053 3085 terea
1105 3013 1474 3104 Isocrates,
1537 3012 2069 3087 Alcmaeonidas
2124 3019 2290 3088 tunc
2336 3013 2565 3105 ipsum
2604 3012 2931 3087 Athenas
2989 2995 3391 3104 reliquisse,
3444 3011 3519 3085 id

854 3149 1042 3240 quod
1096 3150 1424 3241 protinus
1478 3156 1642 3242 post
1694 3150 2045 3242 perlatam
2092 3148 2543 3224 Aristonis
2599 3151 2689 3222 de
2744 3150 3132 3255 Pisistrati
3170 3150 3528 3245 praesidio

854 3286 1292 3377 rogationem
1331 3286 1663 3360 accidisse
1709 3286 2270 3380 locupletissimo
2308 3287 2771 3362 Plutarchi
2824 3289 3231 3361 testimonio
3285 3288 3531 3360 confir-

1026 3592 1032 3600 ·
1071 3578 1146 3656 1)
1187 3574 1347 3645 Iso
1375 3582 1690 3643 crates
1735 3596 1872 3663 qua
1915 3598 1988 3643 re
2034 3577 2365 3643 adductus
2411 3578 2516 3658 sit,
2568 3580 2637 3641 ut
2684 3578 3032 3643 seditionis
3077 3577 3341 3643 initium
3374 3577 3533 3643 inde

857 3684 900 3727 a
946 3664 1241 3729 tertio
1286 3664 1618 3728 Pisistrati
1662 3666 1947 3748 imperio
1995 3668 2353 3748 repeteret,
2402 3663 2717 3745 equidem
2759 3664 3012 3745 fingere
3058 3682 3189 3729 non
3225 3682 3522 3748 possum.

857 3750 1034 3817 Nam
1077 3751 1224 3833 ipso
1271 3769 1352 3815 eo
1397 3755 1703 3834 tempore
1753 3769 1861 3817 res
1907 3753 2207 3815 internas
2256 3749 2745 3834 placatissimas
2780 3751 3007 3831 fuisse,
3056 3752 3219 3815 satis
3251 3750 3534 3834 adparet

857 3836 967 3901 vel
1012 3838 1195 3917 inde,
1273 3838 1450 3919 quod
1517 3837 1940 3903 Pisistratum
2001 3845 2139 3903 tum
2188 3854 2421 3906 omnes
2470 3855 2665 3901 curas
2710 3842 2777 3899 et
2820 3838 3258 3917 cogitationes
3303 3838 3371 3901 in
3424 3855 3531 3901 res

861 3930 1179 3989 externas
1226 3924 1596 3989 contulisse
1641 3931 1930 3988 constat.
2025 3925 2080 3987 H
2108 3942 2145 3987 e
2172 3944 2203 3985 r
2231 3940 2269 3988 o
2300 3924 2338 3987 d
2368 3929 2515 3989 oto
2574 3926 2741 3989 teste
2786 3922 3115 3986 Pisistrati
3160 3924 3532 3987 adversarii

860 4026 941 4076 eo
975 4016 1276 4090 tempore
1321 4011 1564 4093 partim
1613 4011 1997 4075 ceciderant
2037 4012 2105 4073 in
2142 4011 2406 4092 pugnis,
2462 4009 2701 4093 partim
2738 4014 2963 4073 autem
2998 4029 3149 4073 cum
3185 4010 3532 4075 Alcmaeo·

872 4095 1050 4161 nidis
1097 4101 1293 4161 extra
1342 4098 1627 4161 Atticam
1676 4096 2265 4169 commorabantur
2312 4096 2388 4176 (I,
2440 4097 2575 4175 64).
2644 4095 2917 4159 Minime
2964 4114 3123 4160 vero
3170 4095 3529 4179 adsequor,

862 4202 982 4245 our
1027 4181 1346 4247 Isocratis
1397 4180 1603 4246 verba
1663 4201 1795 4249 non
1860 4184 1944 4247 ad
2007 4183 2391 4265 primam
2453 4182 2782 4247 Pisistrati
2829 4182 3253 4265 tyrannidem
3300 4184 3533 4247 reterri

862 4269 1086 4333 liceat.
1179 4268 1646 4333 Herodoti
1721 4270 1898 4333 enim
1978 4269 2437 4333 testimonium
2507 4268 2561 4351 I,
2616 4268 2697 4331 59
2772 4270 3053 4333 minime
3126 4270 3349 4333 obstat
3401 4288 3529 4333 nec

867 4356 1080 4435 magis
1131 4352 1298 4418 mihi
1331 4355 1744 4421 haerendum
1784 4356 2051 4420 videtur
2081 4356 2149 4418 in
2175 4352 2327 4419 loeo
2370 4354 2465 4417 Pl
2493 4361 2646 4419 uta
2672 4375 2755 4420 re
2782 4356 2941 4419 heo
2992 4354 3154 4435 (Sol.
3192 4356 3332 4437 30),
3384 4374 3536 4421 cum.

861 4440 1500 4506 Alcmaeonidarum
1593 4444 1970 4509 absentium
2064 4442 2306 4506 domus
2381 4448 2449 4505 et
2520 4442 2829 4524 sepulcra
2888 4460 3022 4505 non
3066 4442 3289 4507 minus
3332 4458 3533 4524 quam

861 4528 1320 4611 praesentium
1370 4528 1705 4594 devastari
1739 4530 2097 4612 potuerint:
2148 4528 2460 4609 Ungerus
2508 4528 2551 4591 l.
2585 4528 2628 4591 l.
2659 4549 2719 4609 p.
2750 4526 2894 4591 384.
2954 4528 3265 4612 Repetita
3306 4534 3533 4593 autem

857 4630 1012 4679 esse
1058 4632 1276 4695 poena
1325 4615 1454 4679 ista
1500 4616 1602 4679 vel
1653 4617 1902 4698 optime
1948 4620 2167 4698 potest-
2212 4615 2336 4679 sub
2385 4616 2581 4677 tertio
2613 4614 2938 4678 Pisistrati
2973 4616 3279 4697 imperio,
3328 4632 3532 4697 quem

860 4698 1101 4764 eodem
1148 4706 1450 4782 tempore
1528 4702 1817 4767 Delum
1894 4702 2183 4767 insulam
2248 4702 2502 4766 ratione
2550 4700 2727 4764 haud
2778 4700 3084 4765 dissimili
3128 4700 3529 4765 lustravisse

857 4786 1236 4851 Herodotus
1287 4789 1681 4853 testificatur
1744 4788 1827 4872 (Ι,
1877 4789 2014 4863 64).
2116 4785 2313 4870 Quod
2361 4789 2418 4851 si
2466 4790 2591 4851 hoc
2636 4788 2982 4861 sumimus,
3058 4787 3205 4853 Iso
3234 4788 3536 4851 cratis

861 4873 1155 5023 nari-altio
1263 4874 1400 4937 iam
1513 4895 1662 4939 cum
1769 4872 2083 4941 omnibus
2184 4875 2425 4941 ceteris
2508 4873 2909 4939 testimoniis
2997 4871 3531 4941 luculentissime

859 4960 1046 5022 conci
1082 4961 1276 5022 iatur.
