4057 5790
1569 563 2083 638 ...13—

477 808 670 901 Quid
717 809 790 880 in
843 811 1252 900 corruptela
1303 810 1554 902 lateat,
1625 809 2073 900 sagacissime
2147 809 2317 879 mihi
2382 810 2828 903 perspexisse
2886 809 3169 881 videtur

481 940 1247 1030 Wilamowitzius,
1332 948 1452 1037 qui
1529 969 1661 1039 pro
1731 941 2117 1022 ΕΥΒΟΙΑΝ
2188 946 2527 1020 substitui
2592 947 2790 1020 iubet
2860 938 3175 1018 ΘΥΜΟΙ-

483 1079 757 1183 TAN1).
875 1086 1015 1178 Qui
1057 1085 1258 1160 locus
1299 1087 1730 1172 exadversus
1785 1087 2006 1177 ipsam
2067 1083 2623 1180 Cynosuram
2682 1085 3172 1178 paeninsulam

482 1214 613 1327 (ad
665 1246 868 1314 quam
943 1226 1274 1298 nimirum
1349 1223 1722 1300 Plutarchi
1791 1226 2010 1297 verba
2062 1222 2232 1294 κατὰ
2294 1221 2514 1320 χηλήν
2587 1246 2728 1294 τινα
2781 1221 3178 1320 pertinent)

485 1368 595 1435 est
647 1363 922 1454 positus
946 1359 1031 1461 2),
1089 1365 1336 1436 subter
1389 1385 1594 1454 quam
1659 1349 1926 1436 milites
1981 1363 2249 1436 occulte
2289 1364 2619 1471 eduxisse
2671 1362 3027 1453 putandus
3070 1373 3182 1438 est

491 1499 682 1574 Solo.
750 1465 1146 1594 Thymoeta
1201 1523 1368 1574 vero
1427 1503 1533 1572 vel
1584 1502 1986 1595 Thymaeta
2036 1509 2359 1576 vetustus
2399 1501 2534 1575 fuit
2572 1513 2821 1594 portus
2866 1502 3177 1601 Atticm,

487 1639 673 1714 unde
726 1635 1283 1711 Atheniensium
1371 1640 1891 1730 expeditionem
1975 1662 2339 1731 egressam
2400 1661 2557 1712 esse
2644 1640 2834 1712 haud
2890 1605 3034 1714 scio
3080 1664 3173 1713 an

488 1779 821 1851 finxerint
871 1779 1177 1850 seriores
1260 1777 1485 1870 (Plut.
1549 1777 1761 1850 Thes.
1822 1772 1969 1872 19).

691 1916 1046 1989 Revertor
1096 1916 1186 1988 ad
1239 1915 1726 1989 Plutarchum.
1841 1914 2052 1989 Solo
2092 1915 2449 1991 Salamine
2507 1919 2771 1992 milites
2848 1919 3175 1992 divisisse

499 2058 797 2131 dicitur:
900 2063 1173 2148 partem
1251 2055 1437 2147 navi,
1524 2077 1732 2146 quam
1793 2064 2079 2151 ceperat
2135 2080 2176 2129 a
2229 2057 2800 2150 MegarensibuS‚
2886 2059 3187 2150 imponit

501 2217 786 2287 eosque,
845 2215 1052 2284 quam
1111 2196 1389 2285 possint
1444 2195 1648 2288 clam,
1703 2200 1954 2269 contra
1990 2195 2237 2268 urbem
2278 2198 2478 2269 iubet
2512 2197 2697 2289 vehi,
2750 2215 2904 2270 cum
2961 2197 3190 2269 altera

505 2335 660 2424 ipse
722 2341 924 2407 terra
975 2334 1222 2406 hostes
1280 2354 1748 2424 aggressurus
1819 2340 1950 2406 est.
2082 2334 2223 2409 Hic
2279 2336 2366 2408 de
2419 2336 2619 2408 nulla
2674 2358 2750 2408 re
2806 2335 2967 2419 alia,
3051 2337 3189 2407 nisi

512 2472 597 2544 de
658 2473 896 2546 subita
949 2479 1028 2543 et
1080 2473 1500 2566 necopinata
1555 2473 2016 2565 oppressione
2068 2475 2206 2565 agi,
2280 2495 2365 2546 ex
2419 2480 2567 2546 toto
2624 2473 2795 2545 belli
2844 2479 3189 2565 apparatu

505 2612 756 2684 elucet.
901 2608 1230 2683 Eventus
1289 2611 1761 2705 expeditionis
1831 2649 1918 2664 -
2003 2612 2077 2683 id
2126 2612 2315 2701 quod
2363 2611 2510 2683 illis
2566 2611 3005 2702 temporibus
3051 2633 3197 2684 sae·

506 2751 794 2842 pissime
834 2749 1154 2820 cernitur
1193 2789 1286 2802 —
1333 2751 1404 2820 in
1469 2748 1741 2822 furtivo
1797 2767 2083 2823 accessu
2137 2767 2214 2822 ac
2270 2751 2643 2840 repentino
2698 2750 2966 2841 impetu
3018 2749 3206 2821 vide-

503 2889 675 2964 licet
731 2892 889 2960 erat
969 2887 1265 2977 positus.
1403 2886 1570 2979 Ipsa
1651 2887 1873 2978 igitur
1953 2888 2275 2963 escensio
2336 2886 2583 2961 Soloni
2632 2891 2734 2962 ita
2784 2893 2941 2961 erat
2992 2889 3191 2960 insti·

514 3027 804 3122 tuenda,
890 3032 972 3099 ut
1053 3048 1260 3118 quam
1351 3027 1639 3101 minimo
1720 3028 2103 3101 intervallo
2158 3026 2643 3100 Athenienses
2722 3028 2815 3100 ab
2881 3027 3207 3100 hostibus

511 3168 864 3243 abessent.

712 3306 1238 3402 Adparethinc
1293 3307 1445 3378 luce
1498 3306 1784 3397 clarius,
1842 3306 1928 3377 de
1971 3306 2268 3393 antiqua
2302 3305 2428 3375 illa
2467 3304 2642 3413 urbe
2692 3300 3186 3389 Salamine,

512 3467 690 3536 quae
745 3447 818 3518 in
871 3444 1264 3518 meridiano
1319 3445 1598 3516 insulae
1663 3442 1801 3515 fine
1874 3444 2175 3535 iacebat,
2258 3464 2703 3533 nequaquam
2786 3443 2897 3515 hic
2976 3462 3185 3533 posse

515 3585 834 3675 cogitari,
919 3584 1044 3657 sed
1122 3590 1342 3658 totam
1414 3583 1894 3675 narrat-ionem
1949 3580 2455 3655 Plutarcheam
2511 3602 2651 3653 non
2709 3581 2848 3653 nisi
2899 3580 2988 3652 ad
3044 3603 3198 3652 no·

428 3776 476 3789 a
514 3743 692 3794 vam
747 3723 993 3793 urbem
1051 3728 1396 3813 spectare,
1454 3742 1660 3811 quam
1720 3743 1934 3815 supra
1969 3717 2409 3813 Cynosuram
2468 3720 2558 3792 ad
2612 3728 2891 3810 portum
2932 3720 3197 3791 Ambe-

515 3860 688 3951 laki,
744 3861 864 3949 qui
910 3860 1120 3931 hodie
1179 3865 1494 3953 vocatur,
1575 3862 1780 3933 sitam
1850 3858 2070 3931 fuisse
2153 3865 2447 3933 constat.
2587 3858 2735 3931 Iam
2809 3879 2976 3930 vero
3048 3876 3199 3930 cum

518 3997 697 4071 hanc
753 3997 998 4070 urbem
1053 3998 1142 4069 ab
1198 3996 1935 4071 Atheniensibus
2009 3998 2287 4070 demum
2366 3998 2540 4088 ipsis
2614 3996 2961 4071 conditam
3035 4018 3192 4069 esse

521 4157 734 4227 supra
788 4137 1198 4229 viderimus,
1257 4139 1574 4211 narratio
1630 4140 1792 4230 ista,
1860 4159 1995 4228 qua
2054 4136 2433 4211 Salaminis
2490 4135 2922 4228 expugnatio
2977 4134 3188 4207 collu-

521 4279 814 4379 stratur,
893 4279 1038 4346 tum
1099 4275 1381 4346 demum
1439 4276 1802 4366 divulgata
1858 4298 2016 4349 esse
2067 4282 2327 4367 potest,
2377 4294 2532 4348 cum
2589 4274 2925 4363 antiquae
2992 4274 3187 4344 urbis

520 4411 855 4513 memoria
909 4412 1043 4482 iam
1089 4413 1496 4485 evanuisset
1550 4432 1777 4502 neque
1819 4413 1966 4485 ulla
2013 4414 2153 4485 alia
2194 4419 2387 4485 esset
2420 4419 2609 4501 nota,
2665 4412 2800 4484 nisi
2839 4432 2942 4495 ea,
3004 4431 3183 4499 quae

733 4776 804 4852 1)
855 4776 955 4839 De
997 4776 1144 4858 ipso
1191 4776 1481 4840 nominis
1529 4776 1664 4839 fine
1712 4775 1934 4840 adhue
1979 4793 2112 4839 non
2164 4774 2367 4858 plane
2411 4778 2696 4858 constat,
2760 4775 2874 4839 sed
2924 4773 3206 4839 aliorum

529 4862 856 4945 exemplis
909 4864 1078 4925 haee
1121 4864 1336 4926 forma
1387 4865 1546 4926 satis
1597 4863 1940 4944 probatur.

743 4968 812 5048 2)
855 4959 1462 5048 Milehho'eser,
1535 4966 1704 5029 Text
1775 4986 1853 5029 zu
1927 4966 2055 5031 den
2119 4966 2370 5029 Kar-len
2442 4984 2571 5029 von
2641 4964 2891 5029 Attika.
2986 4986 3049 5049 p.
3104 4962 3204 5029 10.
