4057 5790
1969 527 2488 596 ...52-

882 766 1096 842 Tales
1150 787 1400 840 versus
1451 763 1641 838 haud
1688 785 1942 858 parum
1995 767 2385 842 contulisse
2464 769 2555 841 ad
2622 768 2878 844 civium
2953 769 3225 842 animos
3292 766 3557 840 inflam-

881 906 1198 992 mandos,
1255 905 1431 978 satis
1487 909 2041 1019 consentaneum
2090 891 2223 979 est.
2246 903 2301 994 ¹)

1087 1041 1330 1136 Ipsum
1387 1042 1646 1116 bellum
1703 1062 1840 1132 quo
1894 1047 2215 1138 tempore
2268 1044 2673 1119 incohatum
2720 1047 2852 1138 sit,
2934 1045 3149 1120 certis
3228 1043 3557 1116 terminis

885 1184 1021 1255 iam
1079 1203 1219 1254 non
1274 1186 1512 1274 potest
1565 1182 2067 1258 circumscribi.
2175 1180 2396 1282 Apud
2447 1182 3024 1260 Plutarchum
3082 1183 3257 1256 ordo
3311 1202 3545 1255 rerum

883 1321 1094 1413 plane
1127 1321 1457 1393 inversus
1491 1327 1621 1393 est.
1707 1319 2034 1396 Occurrit
2083 1322 2215 1397 h'oc
2267 1323 2657 1397 identidem
2696 1325 2767 1396 in
2808 1323 2963 1395 eius
3000 1322 3204 1395 vitis:
3262 1325 3341 1392 ut
3368 1285 3594 1392 enim·

883 1459 1184 1548 gloriam
1233 1467 1307 1533 et
1358 1460 1692 1553 honores,
1747 1481 1922 1550 quos
1971 1463 2341 1552 postmodo
2368 1463 2689 1536 homines
2726 1471 3256 1552 consequuntur
3285 1458 3549 1550 aliquo-

823 1567 830 1583 *
883 1595 1089 1672 modo
1127 1603 1202 1670 et
1238 1596 1542 1689 explicet
1577 1601 1648 1670 et
1699 1597 2131 1690 comprobet,
2187 1600 2739 1674 adulescentiam
2780 1621 3023 1673 eorum
3066 1619 3275 1690 quam
3312 1603 3551 1689 potest

885 1737 1182 1810 maxime
1221 1737 1436 1810 rebus
1469 1735 1689 1826 gestis
1717 1741 1916 1809 curat
1943 1718 2385 1828 explendam.
2495 1738 2652 1830 Qua
2682 1761 2761 1812 re
2798 1739 2986 1811 haud
3008 1758 3184 1826 -raro
3224 1736 3547 1810 homines

885 1874 1072 1966 docti
1102 1874 1375 1967 decepti
1401 1879 1591 1948 sunt.
1647 1873 1853 1966 Quod
1877 1875 2091 1948 etiam
2110 1876 2225 1951 hic
2247 1877 2522 1951 accidit.
2562 1876 2839 1950 Pravus
2864 1875 3231 1950 Plutarchi
3254 1875 3427 1948 ordo
3449 1896 3553 1947 re·

887 2011 1044 2086 rum'
1070 2013 1332 2105 optime
1353 2033 1440 2084 ex
1465 2011 1942 2085 Pisistrati
1971 2014 2308 2087 societate
2339 2015 2681 2108 cernitur,
2698 2015 2819 2106 qui
2843 2015 3093 2088 civium
3123 2014 3395 2086 animos
3414 2033 3555 2084 ma·

886 2152 1070 2224 xime
1110 2151 1199 2224 ad
1237 2150 1503 2225 bellum
1561 2151 1965 2223 incitavisse
2018 2149 2251 2224 fertur
2331 2151 2511 2248 (Sol.
2566 2154 2645 2225 8:
2730 2151 3013 2245 μάλιστα
3066 2149 3141 2221 δὲ
3190 2155 3303 2221 τοῦ
3357 2145 3551 2220 Πει-

887 2289 1341 2388 σιστράτου
1413 2293 1548 2364 τοῖς
1607 2285 1905 2363 πολίταις
1957 2286 2517 2386 ἐγκελευομένου).
2627 2289 2838 2382 Quod
2891 2310 3298 2383 expressum
3354 2289 3553 2361 testi·

887 2429 1197 2504 monium
1259 2449 1402 2501 non
1464 2433 1598 2519 est,
1679 2445 1804 2500 cur
1855 2427 1930 2499 in
1986 2429 2461 2520 suspicionem
2512 2397 2863 2520 vocexffuS,
2916 2429 3343 2520 praesertim
3396 2446 3549 2500 cum

884 2568 1248 2643 Pisistrati
1323 2588 1439 2640 res
1503 2567 1635 2642 hoc
1700 2566 1892 2640 bello
1951 2575 2195 2658 gestae
2254 2569 2516 2659 optime
2570 2565 3067 2659 comprobatae
3122 2566 3282 2639 sint.
3372 2564 3547 2638 Pisi·

885 2711 1154 2780 stratus
1210 2726 1376 2780 vero
1456 2675 1897 2798 nequaquam
1975 2713 2141 2779 ante
2198 2705 2483 2780 Solonis
2538 2706 3113 2796 legumlationem
3170 2705 3360 2779 bello
3410 2707 3547 2776 iam

882 2845 1329 2939 praestitisse
1411 2849 1670 2937 potest.
1721 2839 1726 2846 ’
1789 2842 1985 2936 Ergo
2039 2843 2410 2919 Plutarchi
2479 2849 2870 2937 temporum
2939 2845 3252 2918 rationes
3319 2847 3551 2917 rectae

884 3007 1042 3059 esse
1092 2984 1501 3074 neutiquam
1556 2989 1876 3075 possunt.
1923 2968 2173 3097 '‘Quin
2230 2986 2441 3058 immo
2496 3008 2572 3058 se
2637 2964 2789 3077 ipse
2830 2983 3225 3079 prodidisse
3268 2982 3551 3057 videtur

884 3144 1037 3200 cum
1095 3124 1170 3195 in
1225 3120 1634 3195 narratione
1689 3118 1842 3197 τοὺς
1893 3120 2081 3199 νέους
2118 3130 2511 3215 opponeret
2538 3122 2785 3197 Soloni
2848 3130 3092 3216 utpote
3150 3122 3328 3195 seni.
3439 3118 3549 3192 Ex

877 3260 1264 3333 Plutarcho
1345 3261 1565 3352 igitur
1641 3260 1730 3333 ad
1800 3260 2033 3352 ipsum
2112 3262 2284 3334 belli
2365 3269 2647 3355 tempus
2724 3264 3125 3337 accuratius
3206 3260 3532 3334 determi-

881 3400 1195 3477 nandum
1249 3396 1602 3473 redundat
1658 3398 1859 3472 nihil.

1092 3538 1359 3612 Ansam
1417 3538 1621 3612 nobis
1673 3538 1898 3610 solum
1949 3539 2250 3629 praebet
2300 3536 2754 3611 Herodoti
2805 3536 3283 3611 testimonium
3330 3538 3384 3610 l.
3430 3538 3551 3629 59,

883 3701 971 3751 ex
997 3700 1137 3769 quo
1193 3676 1594 3767 edocemur,
1648 3673 2220 3747 Pisistratum
2281 3675 2496 3746 rebus
2534 3676 2663 3747 hoc
2703 3676 2891 3748 bello
2933 3675 3293 3766 praeclare
3331 3678 3553 3767 gestis

889 3815 1115 3889 nisum
1210 3813 1640 3908 praesidium
1698 3812 1873 3884 illud
1931 3834 1973 3883 a
2025 3811 2289 3905 populo
2340 3812 2475 3885 sibi
2532 3813 2857 3905 petiisse,
2919 3834 3055 3903 quo
3108 3801 3599 3887 inimicorum-

889 3953 1186 4026 insidias
1257 3950 1648 4023 refelleret.
1757 3950 2213 4042 Quapropter
2290 3950 2537 4022 harum
2621 3972 2857 4023 rerum
2942 3952 3343 4023 memoriam
3417 3974 3557 4025 non

867 4090 1170 4181 ‚longius
1213 4090 1302 4162 ab
1346 4089 1501 4181 ipsa
1532 4087 1887 4161 Pisistrati
1940 4090 2419 4181 tyrannide
2475 4088 2787 4163 abfuisse
2835 4098 3377 4165 consentaneum
3424 4096 3556 4165 est.

1095 4327 1165 4411 1)
1209 4327 1282 4391 In
1333 4345 1626 4393 errorem
1671 4325 1954 4411 pellexit
1996 4326 2302 4393 homines
2348 4328 2579 4393 doctos
2614 4348 2764 4395 curn
2793 4328 2959 4393 alios
2994 4328 3234 4394 multos
3270 4335 3409 4394 tum
3442 4350 3559 4393 nu·

889 4434 1008 4500 per
1049 4414 1531 4481 Busoltium
1603 4433 1836 4487 versus
1887 4413 2255 4495 Solonem,
2330 4433 2529 4497 quem
2600 4417 2875 4481 exhibet
2918 4414 3114 4493 Diog.
3162 4416 3235 4481 L.
3282 4415 3313 4479 1
3352 4412 3395 4496 ξ’
3439 4416 3557 4481 aex

881 4504 1268 4577 Ἀττικὸς
1301 4498 1531 4577 οὗτος
1599 4500 1778 4585 ἀνὴρ
1843 4504 1985 4565 τῶν
2055 4502 2763 4583 Σαλαμιιαφετῶν.
2892 4502 3149 4584 Nempe
3226 4502 3563 4568 concludit
3638 4534 3653 4553 1

892 4591 1048 4653 hinc
1093 4586 1210 4653 ille
1257 4587 1406 4668 (Gr.
1447 4588 1525 4653 G.
1567 4588 1592 4651 1
1646 4608 1702 4669 p.
1743 4588 1909 4667 500)
1960 4588 2405 4653 Athenienses
2450 4595 2649 4651 antea
2692 4587 3072 4669 possedisse
3116 4588 3559 4653 Salamina.

891 4676 1069 4743 Sed
1053 4676 1324 4739 iniuria.
1398 4674 1568 4738 Nam
1617 4672 1865 4757 ἀφιέναι
1914 4691 2045 4738 non
2096 4674 2311 4736 solum
2355 4680 2715 4759 usurpatur
2746 4676 2829 4739 de
2860 4694 2959 4753 e0,
3008 4674 3119 4758 qui
3151 4675 3328 4758 quod
3360 4676 3564 4759 adep-

893 4771 998 4827 tus
1041 4770 1146 4828 est
1190 4762 1448 4841 emittit,
1513 4762 1630 4825 sed
1681 4760 1917 4825 eodem
1965 4759 2169 4823 modo
2214 4758 2281 4825 in
2332 4780 2484 4824 eum
2534 4762 2838 4845 quadrat,
2870 4763 3005 4845 qni,
3042 4781 3191 4825 cum
3218 4763 3396 4845 quod
3425 4782 3565 4827 sec·

893 4855 1072 4915 tatur
1137 4849 1416 4932 adipisci
1475 4866 1604 4913 non
1678 4848 1912 4930 possit,
1987 4846 2253 4911 desistit
2293 4864 2373 4911 ea
2446 4848 2532 4912 de
2590 4868 2684 4930 re,
2759 4854 2944 4911 velut
3011 4854 3297 4913 venator
3354 4850 3565 4914 feram

896 4934 1132 5019 ἀφίησι,
1188 4954 1390 5019 quam
1439 4934 1860 5018 prehendere
1905 4938 2221 5013 nequeat.
