4057 5790
1573 571 2136 640 ——103—

526 809 888 882 victoriam
941 809 1252 882 habitam
1304 832 1460 883 esse
1511 811 1925 902 accepimus.
2037 807 2332 900 Spectat
2384 808 2519 880 huc
2579 808 2922 902 imprimis
3001 809 3196 881 testi·-

522 948 830 1020 monium
883 939 1395 1052 Diodori‚¹)
1447 951 1568 1040 qui
1620 948 1897 1022 Pittaco
1952 949 2107 1020 eius
2160 948 2315 1038 agri
2360 952 2660 1046 partem,
2717 948 2803 1020 de
2844 968 2993 1037 quo.
3037 967 3193 1022 cum

521 1084 910 1176 Phrynone
991 1087 1522 1172 decertavisset,
1601 1108 1645 1158 a
1719 1084 1992 1161 civibus
2062 1085 2504 1176 adsignatam
2576 1059 2743 1158 esse
2807 1086 3011 1158 testis
3082 1093 3193 1160 est

517 1221 624 1298 IX
674 1222 760 1296 fr.
821 1225 919 1296 18
972 1222 1203 1297 Bekk.
1263 1223 1357 1293 ὅτι
1406 1231 1539 1294 τῶν
1591 1217 2063 1322 Μυτιληναίων
2142 1221 2446 1294 διδόντων
2525 1223 2626 1320 τῷ
2680 1219 2994 1322 Πιττακῷ
3071 1232 3191 1323 τῆς

516 1363 773 1460 χώρας,
823 1359 987 1458 ὑπὲρ
1041 1361 1126 1458 ἧς
1175 1361 1646 1460 ἐμονομάχησε
1697 1363 1818 1460 τὴν
1869 1365 2177 1460 ἡμίσειαν
2238 1360 2359 1433 οὐκ
2412 1361 2685 1442 ἐδέξατο
2738 1385 2845 1454 sq.
2954 1365 3185 1457 Quae-

516 1502 724 1594 ritur,
779 1521 1122 1591 quaenam
1172 1499 1391 1575 fuerit
1443 1503 1644 1598 χώρα
1715 1502 1867 1596 illa,
1945 1501 2033 1574 de
2106 1523 2247 1592 qua
2316 1501 2764 1586 contenderit
2810 1500 3189 1578 Pittacus?

516 1637 1020 1712 Achilleum
1073 1640 1212 1712 isto
1268 1639 1464 1713 bello
1517 1641 1594 1712 in
1648 1611 2201 1714 controversiam
2265 1641 2550 1713 omnino
2622 1661 2763 1712 non
2822 1641 3188 1733 cecidisse,

511 1799 728 1870 supra
782 1778 1338 1852 demonstratum
1411 1785 1543 1852 est.
1654 1777 2116 1870 Relinquitur
2191 1779 2414 1870 igitur
2486 1778 2713 1852 solum
2788 1777 3183 1869 Sigeum.

512 1912 623 1990 Ac
685 1917 1012 2006 congruit
1062 1915 1346 2006 quidem
1401 1915 1532 1990 hoc
1583 1916 1992 2007 planissime
2048 1936 2201 1990 cum
2256 1916 2697 2007 Diogenis
2752 1918 3187 2012 narratione,

527 2054 646 2144 qui
691 2029 876 2126 idem
932 2055 1401 2143 territorium,
1453 2053 1639 2144 quod
1688 2054 1815 2126 illo
1871 2056 2252 2128 certamine
2305 2056 2379 2126 in
2430 2054 2803 2128 discrimen
2860 2056 3192 2148 venisset,

525 2195 774 2286 postea
826 2191 1390 2265 Atheniensibus
1447 2191 1926 2266 adiudicatum
1981 2213 2165 2282 esse,
2247 2198 2501 2266 testem
2551 2191 2781 2266 adfert
2838 2194 3193 2285 Apollo·

449 2307 459 2314 ⁴
523 2330 671 2403 dor
696 2325 922 2425 um.²)
1027 2329 1407 2402 Periandri
1463 2351 1630 2402 vero
1681 2330 1980 2402 arbitrio
2028 2327 2391 2420 Sigeum
2443 2331 2761 2421 legitime
2808 2330 3191 2404 Athenien·

521 2467 701 2541 sium
786 2466 1044 2540 factum
1133 2489 1290 2541 esse
1381 2473 1574 2541 certo
1661 2473 1960 2542 constat.
2071 2468 2324 2542 Tradit
2405 2489 2573 2541 vero
2652 2467 3189 2543 Herodotus

520 2608 876 2703 expressis
931 2605 1194 2702 verbiS,
1249 2603 1538 2698 Sigeum
1594 2611 1758 2679 ante
1814 2608 2046 2698 ipsum
2098 2607 2469 2680 arbitrium
2506 2608 2643 2680 iam
2689 2608 2762 2680 in
2800 2603 3193 2680 Athenien-

517 2747 697 2820 sium
751 2751 1106 2838 potestate
1161 2744 1418 2818 fuisse:
1515 2715 1960 2836 Sequeretur
2006 2745 2253 2840 igitur,
2314 2746 2375 2818 si
2412 2745 2763 2837 Diogenis
2800 2745 2887 2818 de
2924 2745 3191 2821 Pittaci

516 2887 1052 2980 recuperatione
1103 2886 1586 2959 narrationem
1652 2904 1804 2959 cum
1858 2882 2218 2959 Herodoti
2288 2885 2696 2959 testimonio
2758 2883 3191 2977 conglutina-

515 3050 784 3118 remuS‚
861 3024 1342 3099 Athenienses
1423 3031 1592 3098 ante
1672 3026 1909 3119 ipsum,
1980 3023 2364 3097 Periandri
2445 3024 2816 3097 arbitrium
2899 3020 3190 3114 Sigeum

512 3168 748 3241 denuo
803 3162 1265 3257 Mytilenaeis
1321 3164 1699 3255 eripuisse.
1807 3161 1963 3236 Hoc
2011 3168 2246 3235 autem
2311 3183 2518 3252 quam
2568 3183 2819 3253 parum
2870 3162 2967 3234 sit
3011 3161 3190 3234 veri-

511 3305 740 3380 simile
796 3309 999 3397 patet
1051 3321 1178 3377 nec
1233 3304 1602 3393 quisquam
1657 3302 2037 3373 memoriae
2089 3302 2163 3373 id
2206 3301 2523 3394 prodidit
2559 3321 2907 3390 umquam.
2968 3299 3189 3373 Prae-

509 3449 714 3517 terea
766 3429 935 3516 'vero
983 3441 1574 3531 quotusquisque,
1632 3459 1926 3529 quaeso,
1992 3437 2135 3510 sibi
2191 3437 2675 3529 persuadebit,
2744 3458 2903 3509 eum
2956 3438 3189 3529 ipsum

508 3603 782 3673 agrum,
863 3600 1109 3670 quem
1165 3577 1446 3673 ‚bello
1543 3575 2351 3666 recuperavissent
2439 3574 3025 3668 Mytilenaei,
3112 3576 3187 3647 in

521 3721 815 3793 arbitrio
863 3718 1218 3813 addictum
1272 3736 1428 3787 esse
1484 3712 2276 3805 Atheniensibus?
2336 3714 2481 3785 lam
2553 3734 2721 3787 vero
2782 3733 2938 3788 cum
2995 3713 3191 3786 Peri-

517 3858 737 3933 andro
792 3857 1063 3929 arbitro
1111 3852 1396 3944 Sigeum
1445 3854 1518 3925 in
1561 3851 2117 3925 Atheniensium
2159 3852 2508 3924 dicionem
2550 3852 2827 3924 venisse
2885 3858 3190 3943 constet,

523 3995 1125 4091 Mytilenaeorum
1182 3991 1744 4083 adsignationem
1795 3991 1985 4064 inter
2037 3990 2263 4081 ipsam
2320 3988 2662 4064 Pittaci
2729 3989 3189 4066 victoriam

521 4142 592 4208 et
665 4132 1141 4207 Periandri
1235 4130 1719 4203 arbitrium
1791 4128 2124 4202 cecidisse
2213 4128 2687 4201 necessarium
2778 4133 2909 4201 est.
3028 4126 3187 4203 Hoc

522 4279 756 4346 autem
809 4271 998 4345 omni
1053 4275 1248 4345 caret
1294 4268 1825 4361 probabilitate.
1872 4341 1883 4349 ,
1933 4264 2119 4339 Nam
2173 4264 2679 4359 MytilenaeoS,
2737 4266 2901 4339 dum
2956 4268 3188 4358 ipsum

525 4412 789 4485 bellum
845 4413 1218 4501 gereretur
1276 4404 1549 4499 (Strab.
1603 4392 1672 4497 p.
1735 4406 1924 4478 600:
2003 4404 2311 4497 μένοντος
2389 4397 2440 4475 δ’
2520 4401 2613 4475 ἔτι
2690 4409 2809 4475 τοῦ
2890 4402 3187 4498 πολέμου

742 4718 814 4796 1)
860 4715 1265 4781 Perstrinxit
1313 4731 1454 4779 rem
1505 4714 1708 4778 etiam
1757 4708 2291 4777 Plutarchus
2326 4710 2411 4776 de
2454 4712 2612 4778 Her.
2665 4709 2824 4775 mal.
2848 4694 2937 4776 ὀ.
2994 4710 3077 4774 15
3123 4716 3191 4774 et

520 4804 890 4888 praee.1·ei
933 4801 1120 4887 publ.
1165 4820 1306 4886 ger.
1361 4820 1415 4867 e.
1466 4800 1570 4865 2¹7.

739 4890 814 4969 2)
858 4888 1210 4973 Expressit
1255 4887 1540 4953 eandem
1585 4905 1730 4951 rem
1775 4884 1920 4949 Pol
1937 4903 2152 4969 yaen
2180 4904 2271 4949 us
2321 4885 2403 4965 (Ι.
2449 4885 2565 4965 25)
2612 4886 2729 4953 ita:
2804 4887 2906 4947 καὶ
2950 4884 3191 4966 Σίγειον

520 4986 648 5053 τοῖς
689 4976 983 5059 Λεσβίοις
1023 4980 1110 5065 τῷ
1154 4977 1298 5064 λίνῳ
1343 4972 1672 5059 ἐθήρευεν-εν
1713 4990 1804 5037 se.
1854 4970 2187 5047 Πιττακός.
