4057 5790
1583 571 2133 643 -121-

723 809 1254 886 Herodotus
1301 813 1358 905 1,
1429 812 1528 886 90
1581 809 1956 908 Croesum,
2025 785 2373 910 Sardibus
2426 813 2676 906 captis,
2743 831 2787 886 a
2835 809 3027 906 Cyro
3078 833 3197 905 pe-

523 951 724 1022 tiisse
769 946 1016 1043 refert,
1086 955 1170 1022 nt
1219 950 1358 1023 sibi
1427 951 1680 1026 liceret
1743 952 1836 1025 ah
1904 952 2189 1026 oraculo
2238 950 2695 1043 Delphico
2774 951 3197 1044 pernicioso-

521 1109 680 1160 rum
735 1088 1218 1164 .consiliornm
1297 1110 1673 1182 reposcere
1754 1091 2133 1165 rationem.
2262 1088 2653 1163 Adnuente
2721 1087 2909 1184 Cyro
2974 1089 3197 1180 legati

522 1225 848 1319 Delphos
909 1227 1319 1321 mittuntur,
1398 1229 1588 1303 unde
1659 1230 1794 1305 hoc
1848 1251 2271 1322 responsum
2324 1227 2660 1302 retulisse
2712 1225 3042 1301 feruntur
3100 1225 3195 1321 (Ι,

523 1364 703 1459 91):
768 1363 888 1462 τὴν
969 1331 1419 1464 πεπρωμένην
1489 1369 1728 1465 μοίραν
1793 1365 2115 1439 *ἀδύνατά
2174 1365 2345 1438 ἐστιν
2412 1364 2779 1464 ἀποφυγεῖν
2843 1363 2956 1436 καὶ
3024 1353 3199 1462 θεῷ.

523 1495 810 1598 Κροῖσος
879 1500 958 1574 δὲ
1023 1503 1408 1597 πέμπτου
1471 1503 1769 1600 γονέος
1828 1504 2187 1604 ἁμαρτάδα
2239 1502 2589 1602 ἐξέπλησε,
2674 1501 2745 1580 ὃς
2808 1501 2941 1574 ἐὼν
2998 1501 3199 1600 δορυ-

523 1640 726 1736 φόρος
785 1632 1284 1739 Ἡρακλειδέων
1361 1641 1542 1740 δόλῳ
1618 1645 1979 1742 γυναικηίῳ
2048 1643 2487 1738 ἐπισπόμενος
2551 1641 2869 1740 ἐφόνευσε
2918 1641 3030 1712 τὸν
3084 1638 3197 1712 δε·-

523 1779 776 1877 σ-ιτότην
853 1779 964 1850 καὶ
1029 1779 1192 1876 ἔσχε
1258 1779 1378 1878 τὴν
1437 1779 1688 1852 ἐκείνου
1756 1782 1948 1880 τιμὴν
2025 1779 2217 1853 οὐδέν
2279 1783 2340 1853 οἱ
2400 1781 2891 1880 προσήκουσαν·
2939 1775 3200 1878 προθυ-

523 1916 848 2010 μεομένου
913 1915 987 1988 δὲ
1055 1913 1336 2000 Λοξίεω,
1405 1917 1577 1994 ὅκως
1637 1915 1716 1988 ἂν
1783 1917 1955 1990 κατὰ
2019 1917 2173 1995 τοὺς
2234 1917 2488 1996 παῖδας
2536 1915 2691 1996 τοὺς
2742 1912 3033 2016 Κροίσου
3080 1916 3199 2012 γέ-

521 2077 692 2124 νοιτο
769 2055 847 2126 τὸ
897 2051 1205 2152 Σαρδίων
1287 2052 1510 2132 πάθος
1575 2055 1687 2126 καὶ
1751 2056 1847 2154 μὴ
1911 2051 2061 2128 κατ’
2119 2055 2318 2128 αὐτὸν
2372 2051 2683 2154 Κροῖσον,
2752 2053 2869 2127 οὐκ
2930 2055 3065 2132 οἷός
3126 2075 3202 2126 τε

522 2193 782 2289 ἐγένετο
852 2197 1276 2290 παραγαγεῖν
1345 2196 1604 2292 μοίρας·
1683 2195 1836 2266 ὅσον
1887 2193 1964 2267 δὲ
2016 2194 2358 2268 ἀνέδωκαν
2412 2195 2634 2294 αὗται,
2708 2192 2915 2292 ἤνυσέ
2966 2218 3041 2266 τε
3090 2193 3203 2266 καὶ

524 2331 891 2429 ἐχαρίσατό
977 2334 1062 2403 οἱ·
1173 2335 1360 2429 τρία
1433 2331 1583 2431 γὰρ
1676 2331 1862 2405 ἔτεα
1933 2333 2507 2436 ἐπανεβάλετο
2581 2333 2729 2434 τὴν
2808 2329 3203 2431 Σαρδίων

525 2467 851 2540 ἅλωσιν
915 2469 1026 2539 καὶ
1081 2474 1272 2540 τοῦτο
1337 2466 1720 2540 ἐπιστάσθω
1772 2463 2065 2578 Κροῖσος
2128 2475 2223 2548 ὧς
2292 2469 2643 2571 ὕστερον
2698 2477 2907 2544 τοῖσι
2970 2468 3205 2544 ἔτεσι

522 2605 892 2678 τούτοισι
974 2603 1224 2683 ἁλοὺς
1301 2612 1445 2704 τῆς
1523 2606 2114 2704 πεπρωμένης.
2252 2607 2513 2684 Elucet
2586 2607 2779 2702 hine,
2858 2607 3203 2682 Croesum

531 2746 768 2820 trihus
806 2746 1012 2819 annis
1047 2751 1232 2838 post,
1293 2764 1500 2836 quam
1549 2743 1816 2818 fatum
1857 2746 2018 2833 suit,
2077 2767 2297 2838 regno
2350 2747 2729 2839 spoliatum
2784 2766 2967 2822 esse.
3036 2746 3206 2818 Ter-

526 2884 784 2978 minus,
854 2884 1050 2957 unde
1114 2884 1190 2957 hi
1243 2887 1417 2958 anni
1467 2887 1852 2978 computati
1907 2892 2111 2980 sunt,
2170 2885 2504 2963 videlicet
2555 2887 2757 2979 prius
2808 2885 2991 2960 illud
3042 2882 3077 2959 f
3086 2884 3205 2959 ati

527 3023 903 3097 arbitrium
970 3028 1116 3117 est,
1185 3018 1310 3121 (ὧς
1378 3020 1648 3121 ὕστερον
1708 3029 1873 3096 τοῖσι
1939 3022 2111 3096 ἔτεσι
2160 3024 2439 3097 τούτοισι
2498 3022 2700 3100 ἁλοὺς
2748 3030 2869 3121 τῆς
2919 3046 3201 3122 πεπρω-

523 3158 788 3259 μένης),
863 3162 1160 3234 minime
1244 3182 1413 3237 vero
1499 3164 1829 3254 superior
1901 3163 2068 3256 ista,
2154 3162 2241 3237 de
2320 3184 2459 3254 qua
2524 3160 2641 3237 hic
2706 3162 2885 3236 nihil
2945 3166 3201 3253 exstat,

523 3296 846 3373 Croesi
925 3300 1301 3391 legatio.
1423 3278 1582 3375 Hoc
1657 3302 1873 3393 plane
1951 3302 2263 3395 perspici
2326 3302 2535 3375 valde
2596 3301 2903 3397 expedit.
3004 3298 3205 3373 Erat

524 3437 712 3511 enim
768 3434 1137 3511 Candaule
1222 3458 1393 3530 rege
1469 3436 1847 3512 interfecto
1915 3438 2004 3511 ab
2058 3439 2349 3553 oraqulo
2402 3436 2949 3511 Mermnadibns
3003 3459 3202 3529 prae·

524 3576 812 3669 dictum,
906 3581 1001 3653 ὧς
1044 3568 1537 3675 Ἡρακλείδῃσι
1587 3578 1746 3653 τίσις
1797 3575 1944 3675 ἥξει
1995 3574 2068 3653 ἐς
2136 3574 2270 3647 τὸν
2335 3576 2720 3671 πέμπτον
2786 3572 3200 3670 ἀπόγονον

523 3710 759 3809 Γύγεω
812 3713 1118 3809 (Herod.
1173 3716 1259 3809 1,·
1295 3714 1446 3810 13).
1559 3714 1724 3788 Huc
1775 3712 2081 3809 Pythiae
2126 3715 2259 3787 illa
2312 3708 2602 3812 Κροῖσος
2664 3712 2741 3786 δὲ
2804 3715 3199 3809 πέμπτου

521 3852 817 3947 γονέος
871 3850 1230 3951 ἁμαρτάδα
1283 3850 1614 3950 ἐξέπλησε
1664 3854 2000 3926 nimirum
2050 3860 2399 3945 spectant.

738 3989 851 4067 Ac
893 3992 1422 4084 provocandum
1458 3993 1632 4065 mihi
1677 3992 1792 4067 hic
1851 3991 1942 4063 ad
1995 3990 2313 4083 palmare
2363 3988 2723 4063 Alfredi
2777 3987 2944 4064 Sch
2963 4010 3055 4063 oe
3076 3992 3203 4064 nii

520 4128 912 4225 inventum,
943 4150 1084 4220 quo
1113 4130 1282 4222 ipsa
1311 4130 1462 4223 illa,
1503 4150 1682 4221 quae
1714 4128 1983 4204 Croeso
2013 4132 2459 4223 nuntiantur,
2486 4127 2791 4225 Pythiae
2819 4130 3040 4203 verba
3092 4130 3205 4205 vel

525 4270 786 4361 optime
859 4268 1340 4363 expediuntur
1413 4265 1689 4363 (Herm.
1759 4266 1868 4340 IX
1937 4288 2007 4359 p.
2072 4268 2221 4339 496
2274 4266 2413 4359 sq).
2564 4266 2677 4340 Ex
2753 4264 3202 4341 Herodoti

527 4408 712 4481 enim
770 4406 1296 4498 computatione
1356 4404 1666 4497 quinque
1722 4376 2103 4499 Lydorum¹
2144 4426 2351 4496 reges
2407 4402 2689 4500 GygeS,
2756 4404 3027 4499 Ardys,
3080 4402 3204 4479 Sa-

523 4630 741 4693 nehaft
807 4627 984 4692 nach
1061 4626 1193 4692 den
1245 4626 1788 4693 Verhaeltniesen
1835 4627 1904 4691 in
1951 4625 2185 4691 Hellas
2232 4625 2691 4707 erkundigte.‘
2764 4625 3200 4708 Kyaxares

523 4734 590 4799 p.
641 4716 797 4779 248:
849 4714 1006 4797 ‚Die
1061 4712 1306 4777 zweite
1352 4713 1648 4795 Anfrage
1692 4714 1810 4780 dea
1856 4713 2136 4779 Kroieos
2184 4714 2250 4777 in
2299 4713 2567 4797 Delphi,
2618 4732 2749 4779 von
2798 4713 3089 4779 welcher
3116 4714 3203 4779 ab

525 4802 661 4865 ihm
713 4801 832 4865 der
885 4800 1052 4865 Gott
1099 4800 1208 4864 die
1253 4799 1646 4883 Regiernng
1713 4820 1826 4864 mn
1875 4800 1916 4862 3
1959 4800 2000 4864 J
2018 4802 2241 4865 abre
2288 4798 2807 4882 verleengerte.‘
2894 4798 3203 4865 Eundem

525 4904 822 4952 errorem
876 4888 1309 4951 committunt
1354 4885 1783 4965 Evereius,
1835 4886 1976 4959 Das
2019 4886 2594 4969 Emporkommen
2642 4886 2707 4951 d.
2757 4886 2939 4951 Pers.
2978 4880 3203 4956 nieht

523 4994 591 5058 p.
637 4974 680 5037 9
727 4973 905 5039 Adn.
956 4976 990 5036 1
1049 4978 1114 5037 et
1168 4972 1703 5039 Dunekerus
1751 4972 1834 5041 G.
1885 4972 1950 5038 d.
2007 4977 2089 5041 A.
2136 4968 2282 5037 1v⁶
2322 4990 2389 5060 p.
2442 4972 2593 5042 326.
