4057 5790
2012 543 2533 616 -78-

911 794 1219 871 locorum
1275 799 1350 869 et
1400 793 1696 869 heroum
1747 797 2034 869 nomina
2088 803 2490 888 occurrunt,
2558 819 2735 887 quae
2812 805 3188 890 praeterea
3249 819 3391 870 non
3443 796 3582 868 nisi

910 934 984 1006 in
1021 935 1174 1028 ipso
1215 933 1411 1006 urbis
1457 932 2014 1007 Athenarum
2062 937 2443 1011 circuitu
2493 938 2968 1010 inveniantur.
3043 938 3203 1031 Qua
3231 937 3305 1008 in
3332 957 3412 1007 re
3440 935 3578 1008 iam

909 1073 1328 1164 posterioris
1376 1073 1630 1146 aetatis
1686 1073 2071 1162 scriptores
2126 1071 2577 1145 offenderunt
2629 1074 2792 1166 ipsi,
2859 1075 3119 1166 quippe
3188 1076 3309 1165 qui
3361 1072 3580 1147 Athe·

913 1212 1200 1284 nienses
1253 1211 1418 1283 inde
1471 1216 1616 1306 τῆς
1669 1209 1876 1307 πρὸς
1919 1203 2557 1285 τοὺςἈττικοὺς
2605 1209 3045 1307 ἐπιπλοκῆς
3080 1220 3234 1282 τῶν
3275 1205 3577 1307 Τρώων

870 1335 1335 1440 ,argumenta
1398 1349 1736 1440 petivisse
1802 1346 2159 1424 referrent
2213 1347 2494 1444 (Strab.
2548 1372 2617 1442 p.
2672 1351 2883 1444 604).
2989 1349 3141 1424 Nec
3194 1350 3361 1424 falsi
3414 1357 3581 1424 sunt

908 1487 1330 1576 illiquidem.
1459 1482 1607 1558 Sed
1680 1486 1858 1558 latet
1915 1484 2466 1560 Atheniensium
2505 1489 2634 1561 illa
2683 1491 2864 1563 ratio
2903 1491 3041 1562 iam
3080 1490 3151 1562 in
3191 1490 3349 1580 ipsa
3383 1487 3581 1562 fabu-

907 1624 1136 1697 larum
1191 1625 1489 1696 istarum
1549 1623 1846 1714 origine.
1944 1624 2153 1717 Quod
2201 1623 2915 1726 Phanodemus¹)
2968 1629 3039 1700 in
3094 1627 3395 1701 Atthide
3448 1649 3583 1699 sua

906 1763 1243 1848 tradidit,
1326 1762 1746 1846 Teucrum,
1796 1785 1880 1835 ex
1929 1785 2111 1855 pago
2172 1763 2415 1839 Attico
2464 1761 2741 1862 ’Ξυπὲτη
2798 1767 3162 1857 migrasse.
3185 1767 3259 1838 in
3313 1771 3579 1839 terram

911 1901 1286 1974 Troianam
1341 1900 1725 1990 multisque
1772 1899 1949 1974 hanc
1995 1903 2474 1976 narrationem
2515 1905 2952 1994 argumentis
2998 1904 3348 1996 probavit,
3387 1909 3579 1977 certe

829 2001 842 2020 ⁸
909 2062 1047 2113 non
1119 2041 1276 2131 ipse
1331 2045 1575 2113 auctor
1627 2036 1762 2110 fuit
1825 2039 2035 2110 huius
2109 2042 2515 2114 memoriae.
2625 2039 2847 2114 Cuius
2920 2043 3203 2132 generis
3263 2065 3467 2135 τεκμτ
3442 2041 3583 2138 ’ρια

906 2179 1046 2250 ista
1123 2176 1425 2268 fuerint,
1513 2175 1894 2252 Strabonis
1974 2179 2212 2250 verbis
2280 2179 2687 2272 edocemur,
2760 2181 2881 2269 qui
2946 2161 3023 2250 in
3096 2180 3202 2252 eis
3272 2179 3355 2247 τὸ
3416 2171 3567 2274 παρ’

909 2314 1306 2413 ἀμφοτέροις
1355 2307 1888 2411 Ἐριχθόνιόν
1955 2337 2101 2384 τινα
2182 2313 2494 2408 γενέσθαι
2568 2324 2697 2385 τῶν
2754 2315 3148 2414 ἀρχηγετῶν
3232 2325 3575 2389 numerat.

909 2453 1008 2527 Et
1059 2453 1404 2546 profecto,
1461 2454 1590 2526 hoc
1644 2475 1815 2526 sane
1856 2454 2273 2528 admirabile
2312 2463 2446 2528 est.
2554 2453 2958 2528 Ferebatur
2985 2456 3170 2528 enim
3210 2454 3581 2529 Erichtho-

907 2593 1067 2664 nius
1117 2592 1231 2666 hic
1285 2613 1371 2664 ex
1442 2593 1701 2665 Teucri
1769 2591 1917 2663 filia
1974 2599 2185 2666 natus
2250 2614 2408 2666 esse
2476 2599 2685 2685 atque
2751 2601 3339 2669 commemoratur
3394 2594 3579 2667 idem

910 2732 1049 2803 iam
1101 2731 1178 2802 in
1226 2729 1475 2803 Iliadis
1530 2732 1834 2803 carmine
1896 2729 2018 2828 (Y.
2059 2733 2211 2804 219
2250 2729 2405 2829 sq.).
2516 2729 2707 2803 Num
2748 2732 2860 2806 hic
2921 2732 3007 2805 de
3063 2733 3582 2806 recentioribus

908 2867 1463 2944 Atheniensium
1517 2871 2193 2966 interpolationibus
2248 2872 2547 2963 cogitari
2600 2871 2843 2958 liceat,
2914 2872 3239 2961 equidem
3312 2869 3581 2961 discep-

907 3013 1060 3081 tare
1115 3031 1256 3082 non
1323 3009 1577 3083 audeo.
1701 3009 1971 3083 Eadem
2041 3017 2274 3083 autem
2328 3010 2571 3081 valent
2635 3009 2722 3081 de
2793 3009 2934 3081 alio
3010 3010 3226 3081 heroe
3307 3007 3578 3099 Atticm

903 3216 993 3223 ”—
1021 3216 1518 3223 ffl-——--n—--

1098 3319 1162 3398 1)
1214 3318 1408 3382 Dion.
1465 3316 1615 3395 Hal.
1657 3317 1736 3379 A.
1789 3317 1868 3381 R.
1917 3317 1971 3397 I,
2021 3318 2138 3381 61.
2182 3320 2393 3381 τοῦτον
2437 3315 2747 3403 (Τεῦκρον)
2790 3320 2859 3381 δὲ
2902 3316 3119 3381 α’λλοι
3164 3342 3250 3383 τε
3290 3324 3579 3383 πολλοὶ

900 3411 1003 3469 καὶ
1047 3402 1513 3485 Φανόδημος
1559 3400 1592 3465 ὃ
1617 3406 1721 3481 τὴν
1755 3401 2037 3483 Ἀττικὴν
2072 3401 2314 3487 γράψας
2343 3402 2770 3487 ἀρχαιολογίαν
2812 3405 2877 3468 ἐκ
2918 3408 3021 3484 τῆς
3054 3404 3336 3485 Ἀττικῆς
3377 3430 3577 3487 μετοι-

898 3494 1081 3571 κῆσαί
1124 3511 1278 3573 φασι
1325 3490 1410 3564 εἷς
1455 3492 1560 3568 τὴν
1598 3488 1823 3552 Ἀσίαν
1867 3485 2157 3572 δῆμου”“’
2084 3496 2479 3564 ..onerata-‘wc
2522 3488 2784 3573 α’ρχοντα
2826 3496 2930 3553 καὶ
2968 3493 3164 3554 πολλὰ
3208 3498 3580 3592 παρέχοπαι

899 3582 1006 3642 τοῦ
1061 3576 1237 3660 λόγου
1279 3570 1582 3659 τεκμίρια.
1679 3574 1832 3657 Ipsa
1874 3578 2220 3659 superiora
2266 3576 2569 3658 Dionysii
2617 3578 2825 3641 verba
2871 3577 3161 3653 obstant..
3218 3580 3576 3661 quominus

901 3664 1061 3727 inde
1106 3663 1587 3728 concludamus
1631 3660 1722 3741 (id
1771 3663 1949 3743 quod
1999 3662 2400 3741 Gaedius,
2450 3664 2772 3726 Demetrii
2818 3664 3043 3746 Sceps.
3094 3684 3267 3747 quae
3314 3683 3569 3747 s.upers

899 3770 964 3833 p.
1019 3750 1102 3813 33
1145 3750 1334 3825 fecit)
1385 3748 1730 3812 Strabonis
1781 3750 2237 3813 testimonium
2306 3769 2371 3832 p.
2431 3750 2593 3812 6041
2662 3747 2836 3813 α’λλοι
2882 3748 2941 3813 δ’
3004 3749 3069 3813 ἐκ
3134 3753 3237 3831 τῆς
3297 3749 3577 3829 Ἀττικῆς

899 3836 1167 3919 ἀφῖχθαί
1208 3860 1345 3899 τινα
1381 3834 1637 3918 Τεῦκρόν
1679 3856 1866 3917 φασιν
1911 3834 1978 3897 ἔκ
2019 3832 2212 3917 δῆμου
2253 3833 2474 3917 Τρώων
2520 3837 2899 3899 necessario
2942 3837 3028 3899 ad
3063 3836 3574 3901 Phanodemum

898 3924 1120 4005 ipsum
1167 3942 1313 3987 8888
1359 3922 1812 3985 referendum.
1905 3921 2163 4003 Pagum
2224 3919 2585 4000 Ξυπέτην
2650 3930 2847 3986 antea
2920 3924 3143 4005 Τροίαν
3206 3924 3569 4003 audivisse,

899 4010 1278 4092 Stephanus
1327 4027 1596 4091 quoque
1642 4008 2006 4090 Byzantius
2056 4013 2329 4071 testatur
2374 4026 2429 4071 8.
2448 4026 2508 4071 V.
2558 4010 2777 4089 Tpola:
2830 4008 2950 4071 εἶσὶ
2978 4014 3082 4071 καὶ
3112 4006 3292 4072 άλλαι
3334 4010 3568 4092 Τροῖαι·

897 4094 963 4158 ἐν
997 4094 1246 4186 Ἀττικῇ
1289 4094 1476 4177 κώμη,
1521 4094 1646 4175 ἥτις
1689 4097 1795 4156 νῦν
1837 4092 2083 4172 Ξυπέτη
2131 4093 2324 4173 (falso
2370 4093 2788 4158 Meinekius:
2841 4093 3121 4174 Ξυπετή)
3160 4097 3233 4158 δ’
3202 4119 3348 4177 μσς
3377 4100 3573 4160 καλεῖ·

897 4206 1018 4245 ται.
1108 4164 1374 4245 Erravit
1414 4188 1640 4245 autem
1691 4180 2063 4243 Rossius
2110 4180 2367 4244 Demen
2419 4201 2481 4263 p.
2508 4181 2591 4243 85
2640 4200 2791 4245 811111
2840 4182 3141 4245 eiusdem
3191 4183 3287 4244 rei
3338 4188 3571 4245 testem

897 4268 1168 4331 afferret
1215 4268 1609 4350 Dionysium
1657 4265 2347 4332 Halicarnassensem.
2436 4266 2699 4332 Nomen
2750 4268 3191 4349 gentilicium
3258 4269 3439 4350 quod
3500 4269 3569 4331 in

903 4354 1248 4419 codicibus
1297 4359 1676 4419 monstrose
1705 4353 2127 4417 decurtatum
2160 4358 2278 4430 881,
2332 4352 2701 4421 Ξυπεταιών
2732 4354 2959 4430 fuisse,
3008 4372 3095 4418 ex
3122 4354 3332 4419 titulis
3364 4374 3571 4417 nunc·

895 4442 1038 4505 iam
1083 4442 1246 4505 satis
1315 4445 1732 4524 compertum
1805 4440 2131 4512 habemus
2179 4438 2306 4547 50.
2368 4439 2417 4505 Ι.
2465 4441 2547 4503 A.
2599 4440 2652 4518 1,
2705 4440 2883 4520 243).
2974 4440 3215 4526 Itaque
3257 4441 3327 4503 in
3388 4441 3569 4504 Stra·

897 4528 1076 4592 bone
1098 4545 1310 4611 prava
1336 4527 1655 4591 Meinekii
1679 4528 2009 4609 scriptura
2050 4524 2117 4601 ὀς
2144 4530 2246 4589 νῦν
2279 4520 2341 4587 οἱ
2363 4524 2755 4601 Ξυπετεῶνες
2775 4530 3010 4609 λέγεται
3043 4526 3442 4608 corrigenda
3472 4532 3574 4590 est

897 4611 958 4695 (ὃ
998 4612 1678 4692 Ξυπεταιόνωνῖ).
1779 4615 1880 4677 Ad
1916 4612 2202 4677 eandem
2236 4619 2463 4676 autem
2496 4632 2801 4677 normam
2832 4614 3333 4677 emendaverim
3368 4614 3567 4677 etiam

895 4702 1078 4783 quod
1127 4700 1435 4765 nonnulli
1483 4701 1806 4764 exhibent
1851 4701 2119 4764 codices
2167 4700 2564 4781 Dionysiani
2613 4717 2960 4783 nuperque
2990 4702 3288 4783 reposuit
3330 4699 3567 4763 Iaco-

894 4788 1120 4870 byus
1167 4788 1404 4860 (Dion.
1465 4786 1615 4852 Hal.
1663 4789 1819 4850 Ant.
1865 4786 2067 4849 Rom.
2120 4786 2271 4867 LpS.
2344 4784 2532 4851 1886.
2604 4784 2661 4861 I,
2732 4788 2846 4868 61)
2894 4784 3082 4868 δῆμου
3148 4786 3565 4859 Ξυπεταιέως.

895 4872 1246 4957 Sauppio
1292 4875 1471 4937 enim
1521 4876 1646 4938 hac
1675 4875 1742 4937 111
1776 4892 1848 4937 re
1879 4870 2289 4957 applaudere
2334 4890 2597 4955 nequeo
2643 4872 2935 4955 (Goettg.
2982 4873 3115 4955 gel.
3178 4874 3343 4936 Anz.
3398 4871 3563 4937 1861
