4057 5790
1576 598 2143 669 —113—

519 838 670 911 obit
724 845 1020 912 mortem
1077 838 1336 928 (Thac.
1398 837 1522 933 Vl,
1573 840 1734 932 54).
1775 836 1828 934 Ι)
1920 835 2140 912 Cadit
2207 838 2425 930 igitur
2477 838 2788 913 militare
2842 839 3041 912 istud
3096 836 3196 911 fa-

517 978 715 1049 cinus
761 977 834 1047 in
890 977 1020 1050 hos
1075 978 1123 1049 6
1172 999 1627 1070 supremos
1683 976 2049 1051 Pisistrati
2102 978 2501 1072 tyrannidis
2548 983 2799 1053 annosi
2868 977 3197 1051 Certiora

459 1092 464 1100 ’
522 1113 822 1189 termino
899 1112 1098 1205 Sigei
1198 1117 1644 1208 recuperatio
1734 1115 2218 1191 circumscribi
2322 1119 2608 1208 nequit,
2696 1117 2892 1190 velut
2982 1115 3197 1189 etiam

521 1253 784 1326 bellum
841 1253 1074 1344 ipsum
1121 1275 1258 1344 quo
1323 1260 1640 1346 tempore
1691 1257 2043 1349 occeperit
2112 1255 2484 1329 nescimus.
2592 1258 2737 1329 Iam
2805 1255 2966 1328 vela
3030 1277 3195 1330 con·

520 1390 749 1470 traho,
862 1391 1302 1465 Devenimus
1356 1393 1446 1466 ad
1493 1393 1738 1466 eadem
1776 1391 1926 1468 fere
1965 1401 2307 1487 tempora,
2349 1393 2604 1485 quibus
2645 1394 2842 1466 Dun
2869 1393 3199 1466 ckerus

522 1553 797 1622 quoque
855 1529 1052 1623 Sigei
1105 1531 1701 1624 expugnationem
1766 1531 2118 1624 adsignat,
2186 1533 2257 1605 h.
2305 1553 2367 1612 e.
2422 1533 2513 1605 ad
2581 1533 2987 1605 ultimam
3041 1528 3199 1603 Pi·

521 1672 895 1745 sistrati
949 1672 1422 1765 tyrannidem.
1531 1671 1974 1762 Quamquam
2027 1651 2252 1766 ipsam
2307 1671 2513 1756 viam,
2563 1691 2702 1763 qua
2755 1668 3188 1744 Dunckerus

518 1810 686 1883 illuc
739 1831 1162 1904 progressus
1212 1815 1346 1902 est,
1409 1807 1734 1899 equidem
1787 1827 1915 1882 nec
1967 1808 2271 1899 probare
2326 1828 2612 1899 possum
2654 1818 2783 1883 nec
2833 1827 3183 1879 commen·

519 1947 716 2041 dare,
797 1965 947 2021 cum
1035 1947 1158 2018 ille
1252 1951 1334 2019 ut
1417 1946 1698 2040 saepius
1779 1945 1884 2018 ita
1971 1945 2083 2017 vel
2163 1944 2278 2019 hic
2354 1945 2795 2038 singulorum
2874 1945 3191 2018 testimo·

520 2086 796 2158 niorum
847 2085 1039 2157 inter
1075 2106 1166 2157 se
1219 2083 1820 2158 conciliandorum
1869 2084 2081 2156 nimis
2135 2085 2461 2157 videatur
2490 2083 2734 2158 'fuisse
2792 2084 3181 2157 studiosus.

521 2223 786 2296 Tamen
841 2223 1028 2314 quod
1082 2222 1206 2294 ille
1264 2221 1502 2294 effecit
1555 2220 1809 2314 probo.

726 2358 967 2452 Atque
1037 2361 1469 2436 conveniunt
1535 2381 1645 2452 ea,
1719 2379 1898 2450 quae
1956 2360 2489 2452 computatione
2544 2359 2942 2432 invenimus
2996 2360 3192 2432 luou-
3253 2387 3271 2394 ·

517 2499 909 2572 lentissime
964 2473 1121 2571 cum
1167 2469 1343 2590 ipsis
1400 2519 1637 2569 rerum
1689 2496 2236 2571 conditionibus.
2343 2496 2456 2570 Ex
2524 2519 2647 2590 eo,
2716 2497 2905 2588 quod
2952 2496 3201 2570 Pisi·

519 2642 858 2710 stratus
921 2637 1309 2711 Asiaticam
1371 2636 1570 2708 illam
1618 2637 2145 2727 possessionem
2197 2636 2347 2709 filio
2406 2656 2533 2708 suo
2589 2635 2829 2726 spurio
2886 2635 3181 2709 tradere

518 2776 776 2867 potuit,
849 2776 1000 2860 eius
1054 2775 1278 2866 ipsius
1348 2775 1720 2866 imperium
1793 2797 1876 2848 eo
1925 2781 2242 2866 tempore
2299 2775 2439 2845 iam
2494 2775 2665 2846 satis
2719 2774 3062 2844 munitum
3116 2779 3189 2844 et

517 2912 1010 2985 confirmatum
1087 2911 1305 2984 fuisse
1386 2919 1767 3004 comparet.
1892 2912 1990 2986 Et
2059 2912 2371 3005 profecto
2451 2911 2920 2985 Her'odoto
3006 2918 3190 2984 teste

513 3049 938 3124 Pisistratus
1003 3049 1076 3120 τὸ
1138 3042 1349 3147 τρίτον
1396 3052 1580 3144 σχὼν
1621 3042 1928 3145 Ἀθήνας
1977 3048 2297 3145 ἐρρίζωσε
2348 3049 2467 3145 τὴν
2518 3046 2875 3145 τυραννίδα
2922 3046 3191 3118 ἐπικού-

519 3190 682 3285 ροισί
742 3212 815 3257 τε
867 3186 1166 3257 πολλοῖσι
1217 3186 1326 3255 καὶ
1377 3185 1741 3283 χρημάτων
1795 3182 2135 3269 συνόδοισι,
2166 3210 2171 3219 ·
2200 3194 2331 3257 τῶν
2386 3184 2505 3279 μὲν
2562 3183 2873 3267 αὐτόθεν,
2936 3194 3068 3256 τῶν
3125 3184 3198 3256 δὲ

518 3324 650 3395 ἀπὸ
701 3321 1074 3423 Στρυμόνος
1127 3328 1432 3418 ποταμοῦ
1483 3324 1826 3395 συνιόντων
1881 3328 1968 3417 (1,
2022 3322 2171 3423 64).
2214 3404 2225 3417 ,
2276 3323 2611 3400 Incidunt
2632 3322 2710 3397 in
2740 3325 2883 3399 hoc
2913 3330 3197 3418 tempus

517 3466 800 3537 omnino
853 3470 1187 3537 externae
1235 3462 1602 3537 Pisistrati
1670 3484 1785 3537 res
1833 3468 2077 3554 gestae
2150 3463 2349 3537 velut
2396 3462 2465 3536 D
2498 3463 2641 3536 eli
2710 3462 3048 3536 lustratio
3125 3471 3198 3537 et

517 3710 746 3767 natam
777 3722 944 3783 esse,
997 3704 1572 3784 Hermogenes
1616 3729 1683 3768 π.
1715 3700 2008 3786 εὓρέσεων
2040 3702 2090 3767 1.
2128 3704 2188 3783 3,
2226 3701 2303 3765 21
2354 3702 2603 3784 Speng.
2638 3704 2867 3769 refert:
2900 3701 3001 3767 ‘H
3032 3702 3194 3784 Φῦη

513 3793 668 3873 μετὰ
730 3792 834 3869 τὴν
896 3788 1222 3853 κατάλυσιν
1263 3792 1368 3852 τοῦ
1411 3789 1860 3874 Πεισιστράτου
1911 3793 2177 3873 κρίνεται
2244 3790 2548 3868 δημοσίων
2616 3787 3031 3871 ἀδικημάτων.
3107 3793 3187 3855 of.

516 3878 717 3941 etiam
775 3874 992 3939 schol:
1056 3876 1389 3939 Maximi
1459 3875 1658 3938 Plan
1682 3874 1858 3938 udis
1930 3894 2037 3957 ap.
2106 3874 2437 3938 Walzium
2502 3874 2631 3938 Rh.
2682 3874 2762 3938 G.
2820 3875 2876 3937 V
2922 3896 2982 3959 p.
3041 3874 3191 3940 378.

516 3964 866 4027 Feceritne
933 3963 1076 4025 eius
1140 3962 1549 4026 mentionem
1618 3965 1816 4026 etiam
1887 3960 2411 4044 Phylarchus
2481 3962 2731 4039 nasein,
2795 3980 2953 4025 cum
3008 3963 3191 4044 ‘apud

521 4050 938 4113 Athenaeum
987 4047 1328 4112 distinctio
1369 4049 1738 4112 formarum
1806 4051 1990 4129 φασί
2059 4053 2125 4111 et
2182 4050 2370 4131 φησί
2428 4048 2553 4110 soli
2602 4046 2870 4111 lectoris
2918 4048 3194 4113 arbitrio

515 4136 842 4218 permissa
886 4136 990 4198 sit.
1088 4134 1334 4198 Notatu
1383 4134 1662 4215 dignum
1714 4134 1819 4198 vel
1866 4136 1994 4197 hoe
2041 4140 2166 4211 est,
2220 4136 2285 4196 in
2338 4134 2594 4198 scholio
2638 4134 2724 4197 ad
2774 4134 3189 4198 Demosth.

519 4222 909 4285 Aristocrat.
968 4219 1294 4299 (Bulletin
1339 4220 1424 4285 de
1471 4239 1764 4303 corresp.
1793 4219 2053 4284 Hellen.
2083 4220 2249 4282 1877
2294 4238 2361 4301 p.
2392 4218 2571 4301 138)
2592 4222 3003 4285 mentionem
3050 4222 3195 4285 fleri

515 4308 1004 4389 Myrrhinae
1060 4307 1448 4387 cuiusdam,
1523 4308 1856 4371 Pisistrati
1920 4306 2122 4387 filiae,
2209 4324 2381 4388 quae
2450 4310 2603 4389 post
2688 4314 3005 4416 tyrsuan
3074 4324 3193 4370 ex-

516 4408 700 4457 actos
745 4394 1193 4457 interfectoris
1239 4411 1444 4457 manu
1490 4395 1819 4457 invenerit
1871 4397 2192 4455 mortem:
2290 4389 2393 4455 οὔκ
2446 4390 2583 4473 ἐξῆν
2638 4397 2845 4475 μέντοι
2910 4390 3051 4457 οῦδὲ
3106 4395 3193 4480 τῷ

517 4482 765 4555 δικαίως
809 4476 1080 4543 ἀνελόντι
1121 4477 1460 4559 Ἀθήνησιν
1519 4479 1720 4543 οἰκεῖν.
1847 4480 2024 4554 Τοῖς
2086 4480 2271 4559 γοῦν
2336 4479 2743 4559 Μυρρίνην
2810 4480 2951 4557 τὴν
3009 4456 3194 4541 Πει-

516 4585 588 4629 σι
613 4586 955 4647 στρατου
1013 4568 1406 4650 θυγατέρα
1461 4563 1877 4667 ἀνῃρηκόσι
1927 4570 2031 4627 καὶ
2086 4562 2273 4638 ἄλλας
2328 4566 2495 4638 τινὰς
2538 4563 2914 4647 ἐψηφίσαπο
2958 4565 3195 4647 δωρεὰς

515 4657 616 4714 καὶ
659 4654 992 4729 πολιτείαν,
1051 4652 1142 4731 (id
1192 4650 1368 4733 quod
1418 4632 1696 4716 restituo
1743 4669 1862 4733 pro
1910 4650 2161 4714 codicis
2208 4650 2567 4730 scriptura.
2626 4654 2729 4713 καὶ
2773 4648 2987 4725 ἄλλους
3027 4651 3197 4724 τινὰς

514 4736 886 4819 ἐψηφίσαντο
951 4740 1264 4801 πολιτείαν
1321 4742 1425 4801 καὶ
1497 4734 1756 4820 δωρεάν)
1827 4735 2277 4816 ἐκελεύσθησαν
2342 4738 2411 4799 δὲ
2464 4735 2625 4819 ὅμως
2678 4734 2743 4800 ἐν
2800 4736 3193 4817 Σαλαμῖνι

515 4822 715 4886 οικεΐν.
802 4821 998 4907 Quod
1048 4823 1318 4908 quidem
1368 4841 1607 4907 parum
1651 4824 1762 4906 pie
1805 4841 1967 4906 erga
2011 4841 2197 4887 eum
2218 4824 2469 4887 sactum
2518 4830 2649 4904 est,
2720 4823 2826 4887 cui
2890 4823 3195 4887 maxime

515 4908 778 4972 insulse
821 4910 1020 4973 huius
1067 4912 1559 4993 possessionem
1606 4909 1949 4977 debebant
1996 4910 2469 4974 Athenienses.

723 4995 790 5076 1)
837 4995 1172 5060 Uberiora
1219 4997 1305 5061 de
1351 4998 1480 5062 hoo
1522 5013 1702 5061 anno
1746 4996 1939 5059 infra.
