<?xml version="1.0" encoding="UTF-8"?>
<!DOCTYPE html PUBLIC "-//W3C//DTD XHTML 1.0 Transitional//EN"
    "http://www.w3.org/TR/xhtml1/DTD/xhtml1-transitional.dtd">
<html xmlns="http://www.w3.org/1999/xhtml" xml:lang="en" lang="en">
 <head>
  <title>
</title>
<meta http-equiv="Content-Type" content="text/html;charset=utf-8" />
  <meta name='ocr-system' content='tesseract 3.04.00' />
  <meta name='ocr-capabilities' content='ocr_page ocr_carea ocr_par ocr_line ocrx_word'/>
</head>
<body>
  <div class='ocr_page' id='page_1' title='image "./quaestionespisi00toepgoog_0100.png"; bbox 0 0 4057 5790; ppageno 0'>
   <div class='ocr_carea' id='block_1_1' title="bbox 1971 557 2480 626">
    <p class='ocr_par' dir='ltr' id='par_1_1' title="bbox 1971 557 2480 626">
     <span class='ocr_line' id='line_1_1' title="bbox 1971 557 2480 626; baseline 0.004 -16"><span class='ocrx_word' id='word_1_1' title='bbox 1971 557 2480 626; x_wconf 70' lang='grc'>...88-</span> 
     </span>
    </p>
   </div>
   <div class='ocr_carea' id='block_1_2' title="bbox 883 797 3569 2834">
    <p class='ocr_par' dir='ltr' id='par_1_2' title="bbox 893 797 3567 1582">
     <span class='ocr_line' id='line_1_2' title="bbox 894 797 3561 892; baseline -0.001 -18"><span class='ocrx_word' id='word_1_2' title='bbox 894 802 1329 875; x_wconf 81' lang='lat' dir='ltr'><strong>exstruxisse</strong></span> <span class='ocrx_word' id='word_1_3' title='bbox 1389 797 1833 875; x_wconf 78' lang='lat' dir='ltr'><strong>adsentiatur</strong></span> <span class='ocrx_word' id='word_1_4' title='bbox 1868 797 2265 892; x_wconf 73' lang='lat' dir='ltr'><strong>Demetrio,</strong></span> <span class='ocrx_word' id='word_1_5' title='bbox 2322 801 2490 892; x_wconf 87' lang='lat' dir='ltr'><strong>quin</strong></span> <span class='ocrx_word' id='word_1_6' title='bbox 2528 801 2802 874; x_wconf 80' lang='lat' dir='ltr'><strong>Timaei</strong></span> <span class='ocrx_word' id='word_1_7' title='bbox 2847 799 3028 872; x_wconf 88' lang='lat' dir='ltr'><strong>illud</strong></span> <span class='ocrx_word' id='word_1_8' title='bbox 3079 800 3561 872; x_wconf 88' lang='lat' dir='ltr'><strong>testimonium</strong></span> 
     </span>
     <span class='ocr_line' id='line_1_3' title="bbox 893 935 3563 1036; baseline -0.002 -23"><span class='ocrx_word' id='word_1_9' title='bbox 893 940 1148 1014; x_wconf 85' lang='lat' dir='ltr'><strong>falsum</strong></span> <span class='ocrx_word' id='word_1_10' title='bbox 1207 941 1324 1036; x_wconf 89' lang='lat' dir='ltr'><strong>sit,</strong></span> <span class='ocrx_word' id='word_1_11' title='bbox 1403 941 1522 1012; x_wconf 81' lang='lat' dir='ltr'><strong>vix</strong></span> <span class='ocrx_word' id='word_1_12' title='bbox 1583 942 1821 1030; x_wconf 88' lang='lat' dir='ltr'><strong>potest</strong></span> <span class='ocrx_word' id='word_1_13' title='bbox 1875 938 2209 1012; x_wconf 89' lang='lat' dir='ltr'><strong>dubitari.</strong></span> <span class='ocrx_word' id='word_1_14' title='bbox 2227 935 2281 1036; x_wconf 90' lang='lat'><strong>¹)</strong></span> <span class='ocrx_word' id='word_1_15' title='bbox 2388 938 2631 1013; x_wconf 85' lang='lat' dir='ltr'><strong>Adicit</strong></span> <span class='ocrx_word' id='word_1_16' title='bbox 2706 939 2794 1012; x_wconf 88' lang='lat' dir='ltr'><strong>de</strong></span> <span class='ocrx_word' id='word_1_17' title='bbox 2858 938 3181 1013; x_wconf 90' lang='lat' dir='ltr'><strong>Achilleo</strong></span> <span class='ocrx_word' id='word_1_18' title='bbox 3244 935 3563 1011; x_wconf 87' lang='lat' dir='ltr'><strong>Strabo</strong></span> 
     </span>
     <span class='ocr_line' id='line_1_4' title="bbox 895 1065 3563 1173; baseline -0.002 -23"><span class='ocrx_word' id='word_1_19' title='bbox 895 1100 964 1171; x_wconf 88' lang='lat' dir='ltr'><strong>p.</strong></span> <span class='ocrx_word' id='word_1_20' title='bbox 1011 1079 1194 1150; x_wconf 85' lang='lat'>600:</span> <span class='ocrx_word' id='word_1_21' title='bbox 1245 1070 1620 1172; x_wconf 82' lang='grc' dir='ltr'>Ἀχίλλειον</span> <span class='ocrx_word' id='word_1_22' title='bbox 1659 1069 1710 1146; x_wconf 84' lang='grc' dir='ltr'><strong>δ’</strong></span> <span class='ocrx_word' id='word_1_23' title='bbox 1757 1072 1926 1144; x_wconf 79' lang='grc' dir='ltr'>ἔστιν</span> <span class='ocrx_word' id='word_1_24' title='bbox 1982 1075 2018 1144; x_wconf 83' lang='grc' dir='ltr'>ὁ</span> <span class='ocrx_word' id='word_1_25' title='bbox 2064 1075 2267 1151; x_wconf 82' lang='grc' dir='ltr'>τόπος</span> <span class='ocrx_word' id='word_1_26' title='bbox 2318 1073 2389 1145; x_wconf 82' lang='grc' dir='ltr'><strong>ἐν</strong></span> <span class='ocrx_word' id='word_1_27' title='bbox 2438 1065 2497 1173; x_wconf 80' lang='grc' dir='ltr'><strong><em>ᾧ</em></strong></span> <span class='ocrx_word' id='word_1_28' title='bbox 2550 1074 2624 1145; x_wconf 81' lang='grc' dir='ltr'><strong>τὸ</strong></span> <span class='ocrx_word' id='word_1_29' title='bbox 2668 1069 3043 1170; x_wconf 77' lang='grc' dir='ltr'>Ἀχιλλέως</span> <span class='ocrx_word' id='word_1_30' title='bbox 3093 1081 3345 1171; x_wconf 81' lang='grc' dir='ltr'>μνῆμα,</span> <span class='ocrx_word' id='word_1_31' title='bbox 3400 1097 3563 1145; x_wconf 86' lang='grc' dir='ltr'><strong>κατ-</strong></span> 
     </span>
     <span class='ocr_line' id='line_1_5' title="bbox 894 1212 3567 1314; baseline -0.001 -28"><span class='ocrx_word' id='word_1_32' title='bbox 894 1217 1066 1286; x_wconf 76' lang='grc' dir='ltr'>οικία</span> <span class='ocrx_word' id='word_1_33' title='bbox 1138 1215 1334 1314; x_wconf 81' lang='grc' dir='ltr'>μικρά</span> <span class='ocrx_word' id='word_1_34' title='bbox 1401 1215 1810 1306; x_wconf 87' lang='lat' dir='ltr'><strong>quibuscum</strong></span> <span class='ocrx_word' id='word_1_35' title='bbox 1867 1213 2135 1305; x_wconf 87' lang='lat' dir='ltr'><strong>optime</strong></span> <span class='ocrx_word' id='word_1_36' title='bbox 2187 1215 2515 1304; x_wconf 84' lang='lat' dir='ltr'><strong>congruit</strong></span> <span class='ocrx_word' id='word_1_37' title='bbox 2578 1212 2929 1286; x_wconf 84' lang='lat' dir='ltr'><strong>Plinius</strong></span> <span class='ocrx_word' id='word_1_38' title='bbox 3002 1213 3053 1286; x_wconf 96' lang='lat' dir='ltr'><strong>l.</strong></span> <span class='ocrx_word' id='word_1_39' title='bbox 3105 1214 3193 1286; x_wconf 88' lang='lat' dir='ltr'><strong>l.:</strong></span> <span class='ocrx_word' id='word_1_40' title='bbox 3286 1212 3461 1306; x_wconf 76' lang='lat' dir='ltr'><strong>,fuit</strong></span> <span class='ocrx_word' id='word_1_41' title='bbox 3488 1219 3567 1285; x_wconf 88' lang='lat' dir='ltr'><strong>et</strong></span> 
     </span>
     <span class='ocr_line' id='line_1_6' title="bbox 894 1349 3567 1445; baseline -0.001 -18"><span class='ocrx_word' id='word_1_42' title='bbox 894 1353 1273 1428; x_wconf 89' lang='lat' dir='ltr'><strong>Achilleon</strong></span> <span class='ocrx_word' id='word_1_43' title='bbox 1359 1353 1694 1445; x_wconf 89' lang='lat' dir='ltr'><strong>oppidum</strong></span> <span class='ocrx_word' id='word_1_44' title='bbox 1758 1353 1956 1426; x_wconf 87' lang='lat' dir='ltr'><strong>iuxta</strong></span> <span class='ocrx_word' id='word_1_45' title='bbox 2007 1354 2353 1426; x_wconf 89' lang='lat' dir='ltr'><strong>tumulum</strong></span> <span class='ocrx_word' id='word_1_46' title='bbox 2410 1349 2719 1428; x_wconf 89' lang='lat' dir='ltr'><strong>Achillis</strong></span> <span class='ocrx_word' id='word_1_47' title='bbox 2774 1351 3133 1426; x_wconf 88' lang='lat' dir='ltr'><strong>conditum</strong></span> <span class='ocrx_word' id='word_1_48' title='bbox 3188 1373 3231 1424; x_wconf 89' lang='lat' dir='ltr'><strong>a</strong></span> <span class='ocrx_word' id='word_1_49' title='bbox 3282 1349 3567 1444; x_wconf 83' lang='lat' dir='ltr'><strong>Mytile-</strong></span> 
     </span>
     <span class='ocr_line' id='line_1_7' title="bbox 893 1485 3565 1582; baseline -0.003 -16"><span class='ocrx_word' id='word_1_50' title='bbox 893 1495 1094 1567; x_wconf 85' lang='lat' dir='ltr'><strong>naeis</strong></span> <span class='ocrx_word' id='word_1_51' title='bbox 1149 1498 1224 1566; x_wconf 91' lang='lat' dir='ltr'><strong>et</strong></span> <span class='ocrx_word' id='word_1_52' title='bbox 1269 1514 1432 1566; x_wconf 86' lang='lat' dir='ltr'><strong>mox</strong></span> <span class='ocrx_word' id='word_1_53' title='bbox 1469 1490 2032 1565; x_wconf 84' lang='lat' dir='ltr'><strong>Atheniensibus</strong></span> <span class='ocrx_word' id='word_1_54' title='bbox 2088 1492 2210 1564; x_wconf 91' lang='lat' dir='ltr'><strong>ubi</strong></span> <span class='ocrx_word' id='word_1_55' title='bbox 2262 1492 2506 1565; x_wconf 89' lang='lat' dir='ltr'><strong>classis</strong></span> <span class='ocrx_word' id='word_1_56' title='bbox 2557 1493 2712 1564; x_wconf 89' lang='lat' dir='ltr'><strong>eius</strong></span> <span class='ocrx_word' id='word_1_57' title='bbox 2765 1497 3066 1564; x_wconf 88' lang='lat' dir='ltr'><strong>steterat</strong></span> <span class='ocrx_word' id='word_1_58' title='bbox 3100 1491 3171 1562; x_wconf 90' lang='lat' dir='ltr'><strong>in</strong></span> <span class='ocrx_word' id='word_1_59' title='bbox 3204 1487 3465 1581; x_wconf 80' lang='lat' dir='ltr'><strong>Sigeo‘.</strong></span> <span class='ocrx_word' id='word_1_60' title='bbox 3493 1485 3565 1582; x_wconf 62' lang='grc' dir='ltr'><strong>ἵ)</strong></span> 
     </span>
    </p>

    <p class='ocr_par' dir='ltr' id='par_1_3' title="bbox 886 1628 3569 2415">
     <span class='ocr_line' id='line_1_8' title="bbox 1098 1628 3562 1723; baseline -0.001 -18"><span class='ocrx_word' id='word_1_61' title='bbox 1098 1629 1446 1723; x_wconf 76' lang='lat' dir='ltr'><strong>Videmus</strong></span> <span class='ocrx_word' id='word_1_62' title='bbox 1513 1631 1735 1720; x_wconf 84' lang='lat' dir='ltr'><strong>igitur</strong></span> <span class='ocrx_word' id='word_1_63' title='bbox 1787 1629 2397 1705; x_wconf 84' lang='lat' dir='ltr'><strong>Athenienses</strong></span> <span class='ocrx_word' id='word_1_64' title='bbox 2472 1636 2547 1704; x_wconf 92' lang='lat' dir='ltr'><strong>et</strong></span> <span class='ocrx_word' id='word_1_65' title='bbox 2614 1630 3211 1723; x_wconf 82' lang='lat' dir='ltr'><strong>Mytilenaeos</strong></span> <span class='ocrx_word' id='word_1_66' title='bbox 3287 1628 3562 1703; x_wconf 88' lang='lat' dir='ltr'><strong>duobus</strong></span> 
     </span>
     <span class='ocr_line' id='line_1_9' title="bbox 891 1754 3561 1865; baseline -0.001 -21"><span class='ocrx_word' id='word_1_67' title='bbox 891 1771 1042 1844; x_wconf 91' lang='lat' dir='ltr'><strong>illis</strong></span> <span class='ocrx_word' id='word_1_68' title='bbox 1071 1771 1245 1844; x_wconf 91' lang='lat' dir='ltr'><strong>locis</strong></span> <span class='ocrx_word' id='word_1_69' title='bbox 1283 1790 1414 1862; x_wconf 89' lang='lat' dir='ltr'><strong>pro</strong></span> <span class='ocrx_word' id='word_1_70' title='bbox 1450 1770 1911 1865; x_wconf 85' lang='lat' dir='ltr'><strong>receptaculis</strong></span> <span class='ocrx_word' id='word_1_71' title='bbox 1949 1754 2233 1844; x_wconf 80' lang='lat' dir='ltr'><strong>utentes</strong></span> <span class='ocrx_word' id='word_1_72' title='bbox 2271 1771 2444 1844; x_wconf 86' lang='lat' dir='ltr'><strong>satis</strong></span> <span class='ocrx_word' id='word_1_73' title='bbox 2483 1770 2606 1843; x_wconf 91' lang='lat' dir='ltr'><strong>diu</strong></span> <span class='ocrx_word' id='word_1_74' title='bbox 2640 1771 2743 1842; x_wconf 86' lang='lat' dir='ltr'><strong>ita</strong></span> <span class='ocrx_word' id='word_1_75' title='bbox 2776 1770 2967 1842; x_wconf 90' lang='lat' dir='ltr'><strong>inter</strong></span> <span class='ocrx_word' id='word_1_76' title='bbox 3004 1791 3080 1842; x_wconf 87' lang='lat' dir='ltr'><strong>se</strong></span> <span class='ocrx_word' id='word_1_77' title='bbox 3109 1767 3561 1862; x_wconf 76' lang='lat' dir='ltr'><strong>pugnavisse,</strong></span> 
     </span>
     <span class='ocr_line' id='line_1_10' title="bbox 886 1907 3569 2002; baseline -0.001 -20"><span class='ocrx_word' id='word_1_78' title='bbox 886 1915 978 1982; x_wconf 89' lang='lat' dir='ltr'><strong>-ut</strong></span> <span class='ocrx_word' id='word_1_79' title='bbox 1025 1907 1451 2002; x_wconf 83' lang='lat' dir='ltr'><strong>Mytilenaei</strong></span> <span class='ocrx_word' id='word_1_80' title='bbox 1503 1909 1940 1982; x_wconf 86' lang='lat' dir='ltr'><strong>territorium</strong></span> <span class='ocrx_word' id='word_1_81' title='bbox 2011 1909 2101 1982; x_wconf 90' lang='lat' dir='ltr'><strong>ab</strong></span> <span class='ocrx_word' id='word_1_82' title='bbox 2157 1907 2724 1983; x_wconf 88' lang='lat' dir='ltr'><strong>Atheniensibus</strong></span> <span class='ocrx_word' id='word_1_83' title='bbox 2778 1914 3196 2002; x_wconf 88' lang='lat' dir='ltr'><strong>occupatum</strong></span> <span class='ocrx_word' id='word_1_84' title='bbox 3247 1926 3569 2000; x_wconf 89' lang='lat' dir='ltr'><strong>reposce·</strong></span> 
     </span>
     <span class='ocr_line' id='line_1_11' title="bbox 892 2045 3558 2140; baseline -0.001 -21"><span class='ocrx_word' id='word_1_85' title='bbox 892 2054 1080 2140; x_wconf 86' lang='lat' dir='ltr'><strong>rent,</strong></span> <span class='ocrx_word' id='word_1_86' title='bbox 1135 2045 1624 2122; x_wconf 89' lang='lat' dir='ltr'><strong>Athenienses</strong></span> <span class='ocrx_word' id='word_1_87' title='bbox 1682 2049 2134 2140; x_wconf 88' lang='lat' dir='ltr'><strong>possessione</strong></span> <span class='ocrx_word' id='word_1_88' title='bbox 2190 2071 2327 2122; x_wconf 91' lang='lat' dir='ltr'><strong>non</strong></span> <span class='ocrx_word' id='word_1_89' title='bbox 2383 2048 2740 2123; x_wconf 87' lang='lat' dir='ltr'><strong>cederent.</strong></span> <span class='ocrx_word' id='word_1_90' title='bbox 2848 2046 2962 2120; x_wconf 90' lang='lat' dir='ltr'><strong>Ita</strong></span> <span class='ocrx_word' id='word_1_91' title='bbox 3013 2045 3558 2120; x_wconf 78' lang='lat' dir='ltr'><strong>Herodotus,</strong></span> 
     </span>
     <span class='ocr_line' id='line_1_12' title="bbox 891 2185 3565 2280; baseline -0.001 -21"><span class='ocrx_word' id='word_1_92' title='bbox 891 2185 1148 2260; x_wconf 82' lang='lat' dir='ltr'><strong>Elucet</strong></span> <span class='ocrx_word' id='word_1_93' title='bbox 1199 2187 1470 2277; x_wconf 88' lang='lat' dir='ltr'><strong>liquido</strong></span> <span class='ocrx_word' id='word_1_94' title='bbox 1523 2207 1612 2259; x_wconf 84' lang='lat' dir='ltr'><strong>ex</strong></span> <span class='ocrx_word' id='word_1_95' title='bbox 1665 2187 1818 2261; x_wconf 88' lang='lat' dir='ltr'><strong>eius</strong></span> <span class='ocrx_word' id='word_1_96' title='bbox 1873 2188 2138 2280; x_wconf 86' lang='lat' dir='ltr'><strong>verbis,</strong></span> <span class='ocrx_word' id='word_1_97' title='bbox 2192 2187 2302 2279; x_wconf 84' lang='lat' dir='ltr'><strong>id,</strong></span> <span class='ocrx_word' id='word_1_98' title='bbox 2354 2187 2442 2260; x_wconf 88' lang='lat' dir='ltr'><strong>de</strong></span> <span class='ocrx_word' id='word_1_99' title='bbox 2498 2208 2636 2278; x_wconf 90' lang='lat' dir='ltr'><strong>quo</strong></span> <span class='ocrx_word' id='word_1_100' title='bbox 2687 2187 2881 2260; x_wconf 91' lang='lat' dir='ltr'><strong>inter</strong></span> <span class='ocrx_word' id='word_1_101' title='bbox 2932 2191 3271 2274; x_wconf 88' lang='lat' dir='ltr'><strong>utrosque</strong></span> <span class='ocrx_word' id='word_1_102' title='bbox 3324 2205 3565 2275; x_wconf 85' lang='lat' dir='ltr'><strong>agere·</strong></span> 
     </span>
     <span class='ocr_line' id='line_1_13' title="bbox 887 2322 1732 2415; baseline -0.002 -17"><span class='ocrx_word' id='word_1_103' title='bbox 887 2329 1054 2410; x_wconf 66' lang='lat' dir='ltr'><strong>tun·</strong></span> <span class='ocrx_word' id='word_1_104' title='bbox 1089 2323 1310 2398; x_wconf 88' lang='lat' dir='ltr'><strong>fuisse</strong></span> <span class='ocrx_word' id='word_1_105' title='bbox 1357 2322 1732 2415; x_wconf 82' lang='lat' dir='ltr'><strong>Sigeum.</strong></span> 
     </span>
    </p>

    <p class='ocr_par' dir='ltr' id='par_1_4' title="bbox 883 2427 3565 2834">
     <span class='ocr_line' id='line_1_14' title="bbox 1099 2427 3562 2557; baseline -0.002 -23"><span class='ocrx_word' id='word_1_106' title='bbox 1099 2462 1335 2535; x_wconf 87' lang='lat' dir='ltr'><strong>Aliter</strong></span> <span class='ocrx_word' id='word_1_107' title='bbox 1387 2427 1744 2554; x_wconf 61' lang='lat' dir='ltr'><strong>Diogen</strong></span> <span class='ocrx_word' id='word_1_108' title='bbox 1770 2483 1895 2556; x_wconf 88' lang='lat' dir='ltr'><strong>es,</strong></span> <span class='ocrx_word' id='word_1_109' title='bbox 1950 2463 2072 2553; x_wconf 85' lang='lat' dir='ltr'><strong>qui</strong></span> <span class='ocrx_word' id='word_1_110' title='bbox 2127 2463 2215 2534; x_wconf 90' lang='lat' dir='ltr'><strong>de</strong></span> <span class='ocrx_word' id='word_1_111' title='bbox 2270 2461 2395 2535; x_wconf 91' lang='lat' dir='ltr'><strong>illo</strong></span> <span class='ocrx_word' id='word_1_112' title='bbox 2442 2460 2634 2534; x_wconf 87' lang='lat' dir='ltr'><strong>bello</strong></span> <span class='ocrx_word' id='word_1_113' title='bbox 2685 2460 2857 2534; x_wconf 89' lang='lat' dir='ltr'><strong>haec</strong></span> <span class='ocrx_word' id='word_1_114' title='bbox 2909 2461 3167 2535; x_wconf 84' lang='lat' dir='ltr'><strong>habet:</strong></span> <span class='ocrx_word' id='word_1_115' title='bbox 3226 2453 3366 2530; x_wconf 85' lang='grc' dir='ltr'><strong>Καὶ</strong></span> <span class='ocrx_word' id='word_1_116' title='bbox 3408 2457 3562 2557; x_wconf 83' lang='grc' dir='ltr'>περὶ</span> 
     </span>
     <span class='ocr_line' id='line_1_15' title="bbox 883 2591 3565 2697; baseline -0.004 -22"><span class='ocrx_word' id='word_1_117' title='bbox 883 2605 1003 2696; x_wconf 78' lang='grc' dir='ltr'><strong>τῆς</strong></span> <span class='ocrx_word' id='word_1_118' title='bbox 1039 2593 1199 2694; x_wconf 85' lang='grc' dir='ltr'><strong>Ἀχ</strong></span> <span class='ocrx_word' id='word_1_119' title='bbox 1227 2597 1296 2669; x_wconf 90' lang='grc' dir='ltr'><strong>ιλ</strong></span> <span class='ocrx_word' id='word_1_120' title='bbox 1313 2597 1662 2676; x_wconf 77' lang='grc' dir='ltr'>λείτιδος</span> <span class='ocrx_word' id='word_1_121' title='bbox 1712 2597 1948 2697; x_wconf 83' lang='grc' dir='ltr'>χώροίς</span> <span class='ocrx_word' id='word_1_122' title='bbox 1999 2598 2407 2694; x_wconf 83' lang='grc' dir='ltr'><strong>μαχομένων</strong></span> <span class='ocrx_word' id='word_1_123' title='bbox 2456 2591 2849 2695; x_wconf 72' lang='grc' dir='ltr'>Ἀθηναίων</span> <span class='ocrx_word' id='word_1_124' title='bbox 2910 2597 3021 2669; x_wconf 79' lang='grc' dir='ltr'><strong>καὶ</strong></span> <span class='ocrx_word' id='word_1_125' title='bbox 3073 2591 3565 2694; x_wconf 75' lang='grc' dir='ltr'>Μυτιληναίων,</span> 
     </span>
     <span class='ocr_line' id='line_1_16' title="bbox 884 2729 3563 2834; baseline -0.001 -25"><span class='ocrx_word' id='word_1_126' title='bbox 884 2736 1290 2834; x_wconf 79' lang='grc' dir='ltr'>ἐστρατήγει</span> <span class='ocrx_word' id='word_1_127' title='bbox 1325 2734 1446 2831; x_wconf 83' lang='grc' dir='ltr'><strong>μὲν</strong></span> <span class='ocrx_word' id='word_1_128' title='bbox 1499 2733 1700 2813; x_wconf 83' lang='grc' dir='ltr'>αὐτὸς</span> <span class='ocrx_word' id='word_1_129' title='bbox 1753 2732 2147 2834; x_wconf 80' lang='grc' dir='ltr'>(Πιττακός),</span> <span class='ocrx_word' id='word_1_130' title='bbox 2198 2729 2592 2833; x_wconf 75' lang='grc' dir='ltr'>Ἀθηναίων</span> <span class='ocrx_word' id='word_1_131' title='bbox 2648 2734 2723 2806; x_wconf 86' lang='grc' dir='ltr'><strong>δὲ</strong></span> <span class='ocrx_word' id='word_1_132' title='bbox 2775 2731 3051 2833; x_wconf 81' lang='grc' dir='ltr'>Φρύνων</span> <span class='ocrx_word' id='word_1_133' title='bbox 3104 2758 3563 2832; x_wconf 76' lang='grc' dir='ltr'>παγκρατιασ-</span> 
     </span>
    </p>
   </div>
   <div class='ocr_carea' id='block_1_3' title="bbox 784 3060 3569 5049">
    <p class='ocr_par' dir='ltr' id='par_1_5' title="bbox 879 3060 3567 3753">
     <span class='ocr_line' id='line_1_17' title="bbox 1089 3060 3565 3163; baseline 0 -36"><span class='ocrx_word' id='word_1_134' title='bbox 1089 3062 1164 3143; x_wconf 88' lang='grc'><strong>1)</strong></span> <span class='ocrx_word' id='word_1_135' title='bbox 1211 3060 1566 3127; x_wconf 83' lang='lat' dir='ltr'><strong>Clinton</strong></span> <span class='ocrx_word' id='word_1_136' title='bbox 1607 3062 1684 3127; x_wconf 87' lang='lat' dir='ltr'><strong>F.</strong></span> <span class='ocrx_word' id='word_1_137' title='bbox 1715 3062 1799 3127; x_wconf 90' lang='lat' dir='ltr'><strong>H.</strong></span> <span class='ocrx_word' id='word_1_138' title='bbox 1825 3061 1942 3146; x_wconf 90' lang='lat' dir='ltr'><strong>Ip.</strong></span> <span class='ocrx_word' id='word_1_139' title='bbox 1964 3060 2385 3163; x_wconf 86' lang='lat' dir='ltr'><strong>219quidem</strong></span> <span class='ocrx_word' id='word_1_140' title='bbox 2410 3062 2692 3128; x_wconf 87' lang='lat' dir='ltr'><strong>Timaeo</strong></span> <span class='ocrx_word' id='word_1_141' title='bbox 2724 3066 2998 3127; x_wconf 82' lang='lat' dir='ltr'><strong>anctore</strong></span> <span class='ocrx_word' id='word_1_142' title='bbox 3030 3062 3565 3128; x_wconf 88' lang='lat' dir='ltr'><strong>Periandrum</strong></span> 
     </span>
     <span class='ocr_line' id='line_1_18' title="bbox 879 3148 3563 3234; baseline -0 -19"><span class='ocrx_word' id='word_1_143' title='bbox 879 3151 1010 3234; x_wconf 87' lang='lat' dir='ltr'><strong>ipsi</strong></span> <span class='ocrx_word' id='word_1_144' title='bbox 1055 3148 1235 3215; x_wconf 87' lang='lat' dir='ltr'><strong>hello</strong></span> <span class='ocrx_word' id='word_1_145' title='bbox 1279 3150 1664 3215; x_wconf 84' lang='lat' dir='ltr'><strong>interfuisse</strong></span> <span class='ocrx_word' id='word_1_146' title='bbox 1707 3150 1979 3216; x_wconf 81' lang='lat' dir='ltr'><strong>sumit:-</strong></span> <span class='ocrx_word' id='word_1_147' title='bbox 1971 3169 2171 3214; x_wconf 89' lang='lat' dir='ltr'><strong>cum</strong></span> <span class='ocrx_word' id='word_1_148' title='bbox 2216 3150 2397 3215; x_wconf 88' lang='lat' dir='ltr'><strong>enim</strong></span> <span class='ocrx_word' id='word_1_149' title='bbox 2446 3148 2697 3215; x_wconf 85' lang='lat' dir='ltr'><strong>bellum</strong></span> <span class='ocrx_word' id='word_1_150' title='bbox 2743 3168 2861 3233; x_wconf 88' lang='lat' dir='ltr'><strong>per</strong></span> <span class='ocrx_word' id='word_1_151' title='bbox 2908 3148 3349 3234; x_wconf 86' lang='lat' dir='ltr'><strong>longinquum</strong></span> <span class='ocrx_word' id='word_1_152' title='bbox 3400 3154 3563 3215; x_wconf 87' lang='lat' dir='ltr'><strong>tem-</strong></span> 
     </span>
     <span class='ocr_line' id='line_1_19' title="bbox 886 3236 3567 3321; baseline 0.001 -22"><span class='ocrx_word' id='word_1_153' title='bbox 886 3256 1010 3321; x_wconf 89' lang='lat' dir='ltr'><strong>pus</strong></span> <span class='ocrx_word' id='word_1_154' title='bbox 1057 3240 1428 3321; x_wconf 83' lang='lat' dir='ltr'><strong>gereretur,</strong></span> <span class='ocrx_word' id='word_1_155' title='bbox 1471 3236 1614 3300; x_wconf 87' lang='lat' dir='ltr'><strong>fieri</strong></span> <span class='ocrx_word' id='word_1_156' title='bbox 1647 3238 1968 3320; x_wconf 85' lang='lat' dir='ltr'><strong>potuisse,</strong></span> <span class='ocrx_word' id='word_1_157' title='bbox 2021 3242 2096 3299; x_wconf 91' lang='lat' dir='ltr'><strong>ut</strong></span> <span class='ocrx_word' id='word_1_158' title='bbox 2140 3236 2508 3301; x_wconf 83' lang='lat' dir='ltr'><strong>Periander</strong></span> <span class='ocrx_word' id='word_1_159' title='bbox 2551 3242 2708 3301; x_wconf 90' lang='lat' dir='ltr'><strong>ante</strong></span> <span class='ocrx_word' id='word_1_160' title='bbox 2752 3236 3168 3320; x_wconf 78' lang='lat' dir='ltr'><strong>aliquamdiu</strong></span> <span class='ocrx_word' id='word_1_161' title='bbox 3215 3239 3567 3321; x_wconf 84' lang='lat' dir='ltr'><strong>particeps,</strong></span> 
     </span>
     <span class='ocr_line' id='line_1_20' title="bbox 892 3320 3561 3409; baseline -0 -21"><span class='ocrx_word' id='word_1_162' title='bbox 892 3328 1133 3407; x_wconf 88' lang='lat' dir='ltr'><strong>postea</strong></span> <span class='ocrx_word' id='word_1_163' title='bbox 1178 3323 1430 3388; x_wconf 83' lang='lat' dir='ltr'><strong>arbiter</strong></span> <span class='ocrx_word' id='word_1_164' title='bbox 1477 3327 1678 3387; x_wconf 88' lang='lat' dir='ltr'><strong>esset.</strong></span> <span class='ocrx_word' id='word_1_165' title='bbox 1773 3322 1900 3386; x_wconf 86' lang='lat' dir='ltr'><strong>Sed</strong></span> <span class='ocrx_word' id='word_1_166' title='bbox 1966 3324 2094 3386; x_wconf 90' lang='lat' dir='ltr'><strong>hoc</strong></span> <span class='ocrx_word' id='word_1_167' title='bbox 2153 3342 2353 3407; x_wconf 88' lang='lat' dir='ltr'><strong>quam</strong></span> <span class='ocrx_word' id='word_1_168' title='bbox 2414 3342 2652 3408; x_wconf 86' lang='lat' dir='ltr'><strong>parum</strong></span> <span class='ocrx_word' id='word_1_169' title='bbox 2718 3320 3083 3388; x_wconf 86' lang='lat' dir='ltr'><strong>verisimile</strong></span> <span class='ocrx_word' id='word_1_170' title='bbox 3140 3329 3352 3409; x_wconf 86' lang='lat' dir='ltr'><strong>esset,</strong></span> <span class='ocrx_word' id='word_1_171' title='bbox 3424 3324 3561 3388; x_wconf 87' lang='lat' dir='ltr'><strong>iam</strong></span> 
     </span>
     <span class='ocr_line' id='line_1_21' title="bbox 893 3408 3563 3495; baseline 0 -22"><span class='ocrx_word' id='word_1_172' title='bbox 893 3411 1242 3493; x_wconf 82' lang='lat' dir='ltr'><strong>perspexit</strong></span> <span class='ocrx_word' id='word_1_173' title='bbox 1289 3410 1697 3475; x_wconf 86' lang='lat' dir='ltr'><strong>Demetrius.</strong></span> <span class='ocrx_word' id='word_1_174' title='bbox 1813 3410 1858 3472; x_wconf 91' lang='lat' dir='ltr'><strong>S</strong></span> <span class='ocrx_word' id='word_1_175' title='bbox 1887 3428 1924 3473; x_wconf 90' lang='lat' dir='ltr'><strong>c</strong></span> <span class='ocrx_word' id='word_1_176' title='bbox 1949 3408 1988 3473; x_wconf 92' lang='lat' dir='ltr'><strong>h</strong></span> <span class='ocrx_word' id='word_1_177' title='bbox 2015 3428 2056 3475; x_wconf 90' lang='lat' dir='ltr'><strong>o</strong></span> <span class='ocrx_word' id='word_1_178' title='bbox 2082 3428 2119 3473; x_wconf 89' lang='lat' dir='ltr'><strong>e</strong></span> <span class='ocrx_word' id='word_1_179' title='bbox 2142 3428 2183 3473; x_wconf 97' lang='grc' dir='ltr'><strong>ιι</strong></span> <span class='ocrx_word' id='word_1_180' title='bbox 2210 3411 2233 3473; x_wconf 92' lang='lat' dir='ltr'><strong>i</strong></span> <span class='ocrx_word' id='word_1_181' title='bbox 2258 3429 2300 3474; x_wconf 91' lang='lat' dir='ltr'><strong>u</strong></span> <span class='ocrx_word' id='word_1_182' title='bbox 2328 3428 2391 3472; x_wconf 90' lang='lat' dir='ltr'><strong>m</strong></span> <span class='ocrx_word' id='word_1_183' title='bbox 2461 3410 2631 3474; x_wconf 89' lang='lat' dir='ltr'><strong>miro</strong></span> <span class='ocrx_word' id='word_1_184' title='bbox 2692 3409 2895 3475; x_wconf 89' lang='lat' dir='ltr'><strong>modo</strong></span> <span class='ocrx_word' id='word_1_185' title='bbox 2963 3410 3285 3475; x_wconf 85' lang='lat' dir='ltr'><strong>disertum</strong></span> <span class='ocrx_word' id='word_1_186' title='bbox 3354 3413 3563 3495; x_wconf 86' lang='lat' dir='ltr'><strong>ipsius</strong></span> 
     </span>
     <span class='ocr_line' id='line_1_22' title="bbox 879 3493 3565 3580; baseline -0.001 -17"><span class='ocrx_word' id='word_1_187' title='bbox 879 3494 1086 3563; x_wconf 87' lang='lat' dir='ltr'><strong>Dem</strong></span> <span class='ocrx_word' id='word_1_188' title='bbox 1113 3497 1318 3561; x_wconf 86' lang='lat' dir='ltr'><strong>etrii</strong></span> <span class='ocrx_word' id='word_1_189' title='bbox 1367 3497 1824 3561; x_wconf 85' lang='lat' dir='ltr'><strong>testimonium</strong></span> <span class='ocrx_word' id='word_1_190' title='bbox 1859 3496 2093 3579; x_wconf 84' lang='lat' dir='ltr'><strong>effugit</strong></span> <span class='ocrx_word' id='word_1_191' title='bbox 2122 3517 2185 3579; x_wconf 91' lang='lat' dir='ltr'><strong>p.</strong></span> <span class='ocrx_word' id='word_1_192' title='bbox 2220 3496 2373 3560; x_wconf 76' lang='lat'>¹7⁴9:</span> <span class='ocrx_word' id='word_1_193' title='bbox 2429 3496 2584 3578; x_wconf 86' lang='lat' dir='ltr'><strong>‚Die</strong></span> <span class='ocrx_word' id='word_1_194' title='bbox 2612 3494 2888 3562; x_wconf 89' lang='lat' dir='ltr'><strong>Lesbier</strong></span> <span class='ocrx_word' id='word_1_195' title='bbox 2931 3493 3301 3580; x_wconf 82' lang='lat' dir='ltr'><strong>befestigen</strong></span> <span class='ocrx_word' id='word_1_196' title='bbox 3339 3493 3565 3561; x_wconf 82' lang='lat' dir='ltr'><strong>Achil·</strong></span> 
     </span>
     <span class='ocr_line' id='line_1_23' title="bbox 882 3544 3563 3667; baseline 0.001 -21"><span class='ocrx_word' id='word_1_197' title='bbox 882 3582 1068 3647; x_wconf 89' lang='lat' dir='ltr'><strong>leum</strong></span> <span class='ocrx_word' id='word_1_198' title='bbox 1121 3583 1244 3667; x_wconf 86' lang='lat' dir='ltr'><strong>(Sp</strong></span> <span class='ocrx_word' id='word_1_199' title='bbox 1249 3602 1410 3647; x_wconf 86' lang='lat' dir='ltr'><strong>uren</strong></span> <span class='ocrx_word' id='word_1_200' title='bbox 1464 3582 1684 3647; x_wconf 85' lang='lat' dir='ltr'><strong>dieser</strong></span> <span class='ocrx_word' id='word_1_201' title='bbox 1729 3581 2115 3647; x_wconf 85' lang='lat' dir='ltr'><strong>Thatsacbe</strong></span> <span class='ocrx_word' id='word_1_202' title='bbox 2156 3584 2223 3646; x_wconf 90' lang='lat' dir='ltr'><strong>in</strong></span> <span class='ocrx_word' id='word_1_203' title='bbox 2272 3582 2392 3647; x_wconf 90' lang='lat' dir='ltr'><strong>der</strong></span> <span class='ocrx_word' id='word_1_204' title='bbox 2429 3544 2888 3667; x_wconf 67' lang='lat' dir='ltr'><strong>’Behauptung</strong></span> <span class='ocrx_word' id='word_1_205' title='bbox 2932 3583 3050 3647; x_wconf 88' lang='lat' dir='ltr'><strong>des</strong></span> <span class='ocrx_word' id='word_1_206' title='bbox 3096 3584 3415 3649; x_wconf 80' lang='lat' dir='ltr'><strong>Timaeus</strong></span> <span class='ocrx_word' id='word_1_207' title='bbox 3454 3584 3563 3649; x_wconf 81' lang='lat' dir='ltr'><strong>bei</strong></span> 
     </span>
     <span class='ocr_line' id='line_1_24' title="bbox 887 3604 3037 3753; baseline 0 -20"><span class='ocrx_word' id='word_1_208' title='bbox 887 3669 1179 3735; x_wconf 87' lang='lat' dir='ltr'><strong>Strabon</strong></span> <span class='ocrx_word' id='word_1_209' title='bbox 1200 3604 1366 3734; x_wconf 84' lang='lat' dir='ltr'><strong>pund</strong></span> <span class='ocrx_word' id='word_1_210' title='bbox 1417 3668 1934 3735; x_wconf 77' lang='lat' dir='ltr'><strong>ausdrucklicbe</strong></span> <span class='ocrx_word' id='word_1_211' title='bbox 1979 3668 2494 3753; x_wconf 84' lang='lat' dir='ltr'><strong>Beglaubigung</strong></span> <span class='ocrx_word' id='word_1_212' title='bbox 2538 3671 2651 3735; x_wconf 88' lang='lat' dir='ltr'><strong>bei</strong></span> <span class='ocrx_word' id='word_1_213' title='bbox 2696 3670 3037 3748; x_wconf 76' lang='lat' dir='ltr'><strong>PliniusJ‘.</strong></span> 
     </span>
    </p>

    <p class='ocr_par' dir='ltr' id='par_1_6' title="bbox 784 3754 3563 3849">
     <span class='ocr_line' id='line_1_25' title="bbox 784 3754 3563 3849; baseline 0 -30"><span class='ocrx_word' id='word_1_214' title='bbox 784 3833 801 3849; x_wconf 39' lang='grc' dir='ltr'><strong><em>ι</em></strong></span> <span class='ocrx_word' id='word_1_215' title='bbox 1087 3756 1158 3840; x_wconf 82' lang='grc'><strong>2)</strong></span> <span class='ocrx_word' id='word_1_216' title='bbox 1213 3756 1460 3822; x_wconf 89' lang='lat' dir='ltr'><strong>Parum</strong></span> <span class='ocrx_word' id='word_1_217' title='bbox 1510 3761 1694 3821; x_wconf 85' lang='lat' dir='ltr'><strong>recte</strong></span> <span class='ocrx_word' id='word_1_218' title='bbox 1741 3761 2084 3820; x_wconf 80' lang='lat' dir='ltr'><strong>auctorem</strong></span> <span class='ocrx_word' id='word_1_219' title='bbox 2126 3775 2322 3820; x_wconf 85' lang='lat' dir='ltr'><strong>suum</strong></span> <span class='ocrx_word' id='word_1_220' title='bbox 2369 3759 2701 3840; x_wconf 84' lang='lat' dir='ltr'><strong>expressit</strong></span> <span class='ocrx_word' id='word_1_221' title='bbox 2746 3755 2791 3821; x_wconf 87' lang='lat' dir='ltr'><strong>S</strong></span> <span class='ocrx_word' id='word_1_222' title='bbox 2818 3755 2949 3821; x_wconf 90' lang='lat' dir='ltr'><strong>oli</strong></span> <span class='ocrx_word' id='word_1_223' title='bbox 2979 3777 3017 3819; x_wconf 92' lang='lat' dir='ltr'><strong>n</strong></span> <span class='ocrx_word' id='word_1_224' title='bbox 3052 3776 3090 3820; x_wconf 93' lang='grc' dir='ltr'><strong>ιι</strong></span> <span class='ocrx_word' id='word_1_225' title='bbox 3118 3776 3149 3821; x_wconf 90' lang='lat' dir='ltr'><strong>s</strong></span> <span class='ocrx_word' id='word_1_226' title='bbox 3195 3777 3258 3841; x_wconf 90' lang='lat' dir='ltr'><strong>p.</strong></span> <span class='ocrx_word' id='word_1_227' title='bbox 3297 3754 3447 3837; x_wconf 81' lang='lat'><strong>18¹7,</strong></span> <span class='ocrx_word' id='word_1_228' title='bbox 3478 3756 3563 3820; x_wconf 83' lang='lat'><strong>12</strong></span> 
     </span>
    </p>

    <p class='ocr_par' dir='ltr' id='par_1_7' title="bbox 813 3842 3569 5049">
     <span class='ocr_line' id='line_1_26' title="bbox 877 3842 3564 3926; baseline 0 -19"><span class='ocrx_word' id='word_1_229' title='bbox 877 3843 1245 3908; x_wconf 82' lang='lat' dir='ltr'><strong>Momms.:</strong></span> <span class='ocrx_word' id='word_1_230' title='bbox 1313 3843 1386 3907; x_wconf 89' lang='lat' dir='ltr'><strong>ln</strong></span> <span class='ocrx_word' id='word_1_231' title='bbox 1437 3842 1740 3908; x_wconf 81' lang='lat' dir='ltr'><strong>Rhoeteo</strong></span> <span class='ocrx_word' id='word_1_232' title='bbox 1795 3842 1988 3907; x_wconf 87' lang='lat' dir='ltr'><strong>litore</strong></span> <span class='ocrx_word' id='word_1_233' title='bbox 2034 3842 2515 3908; x_wconf 82' lang='lat' dir='ltr'><strong>Athensienses</strong></span> <span class='ocrx_word' id='word_1_234' title='bbox 2562 3848 2627 3908; x_wconf 90' lang='lat' dir='ltr'><strong>et</strong></span> <span class='ocrx_word' id='word_1_235' title='bbox 2671 3842 3060 3926; x_wconf 80' lang='lat' dir='ltr'><strong>Mytilenaei</strong></span> <span class='ocrx_word' id='word_1_236' title='bbox 3090 3843 3179 3907; x_wconf 89' lang='lat' dir='ltr'><strong>ad</strong></span> <span class='ocrx_word' id='word_1_237' title='bbox 3232 3842 3564 3908; x_wconf 89' lang='lat' dir='ltr'><strong>tumulum</strong></span> 
     </span>
     <span class='ocr_line' id='line_1_27' title="bbox 885 3927 3561 4039; baseline -0 -46"><span class='ocrx_word' id='word_1_238' title='bbox 885 3929 1082 3993; x_wconf 88' lang='lat' dir='ltr'><strong>ducis</strong></span> <span class='ocrx_word' id='word_1_239' title='bbox 1143 3928 1451 3995; x_wconf 86' lang='lat' dir='ltr'><strong>Thessali</strong></span> <span class='ocrx_word' id='word_1_240' title='bbox 1491 3927 1845 3995; x_wconf 83' lang='lat' dir='ltr'><strong>Achilleon</strong></span> <span class='ocrx_word' id='word_1_241' title='bbox 1911 3930 2232 4013; x_wconf 87' lang='lat' dir='ltr'><strong>oppidum</strong></span> <span class='ocrx_word' id='word_1_242' title='bbox 2297 3929 2759 4011; x_wconf 86' lang='lat' dir='ltr'><strong>condiderunt,</strong></span> <span class='ocrx_word' id='word_1_243' title='bbox 2834 3929 3011 4013; x_wconf 88' lang='lat' dir='ltr'><strong>quod</strong></span> <span class='ocrx_word' id='word_1_244' title='bbox 3072 3930 3561 4039; x_wconf 88' lang='lat' dir='ltr'><strong>propemodum</strong></span> 
     </span>
     <span class='ocr_line' id='line_1_28' title="bbox 879 4014 3563 4099; baseline -0 -20"><span class='ocrx_word' id='word_1_245' title='bbox 879 4016 1158 4081; x_wconf 84' lang='lat' dir='ltr'><strong>interiit.</strong></span> <span class='ocrx_word' id='word_1_246' title='bbox 1206 4016 1488 4099; x_wconf 86' lang='lat' dir='ltr'><strong>Steph.</strong></span> <span class='ocrx_word' id='word_1_247' title='bbox 1525 4016 1710 4099; x_wconf 76' lang='lat' dir='ltr'><strong>Byz.</strong></span> <span class='ocrx_word' id='word_1_248' title='bbox 1749 4035 1801 4079; x_wconf 78' lang='lat' dir='ltr'><strong>s·</strong></span> <span class='ocrx_word' id='word_1_249' title='bbox 1840 4035 1905 4078; x_wconf 79' lang='lat' dir='ltr'><strong>V.</strong></span> <span class='ocrx_word' id='word_1_250' title='bbox 1932 4014 2273 4098; x_wconf 78' lang='grc' dir='ltr'>’Ἀχίλλειος</span> <span class='ocrx_word' id='word_1_251' title='bbox 2317 4015 2541 4099; x_wconf 79' lang='grc' dir='ltr'><em>δρόμος</em></span> <span class='ocrx_word' id='word_1_252' title='bbox 2584 4016 2815 4080; x_wconf 82' lang='lat' dir='ltr'><strong>habet:</strong></span> <span class='ocrx_word' id='word_1_253' title='bbox 2865 4014 3034 4079; x_wconf 82' lang='grc' dir='ltr'>εστι</span> <span class='ocrx_word' id='word_1_254' title='bbox 3065 4042 3197 4080; x_wconf 86' lang='grc' dir='ltr'><strong>και</strong></span> <span class='ocrx_word' id='word_1_255' title='bbox 3226 4014 3448 4091; x_wconf 83' lang='grc' dir='ltr'>πολις</span> <span class='ocrx_word' id='word_1_256' title='bbox 3489 4014 3563 4079; x_wconf 76' lang='grc' dir='ltr'><strong>ἐν</strong></span> 
     </span>
     <span class='ocr_line' id='line_1_29' title="bbox 877 4100 3562 4191; baseline 0 -26"><span class='ocrx_word' id='word_1_257' title='bbox 877 4127 959 4190; x_wconf 80' lang='grc' dir='ltr'><strong>τιι</strong></span> <span class='ocrx_word' id='word_1_258' title='bbox 1005 4103 1294 4191; x_wconf 78' lang='grc' dir='ltr'>Σιγείω</span> <span class='ocrx_word' id='word_1_259' title='bbox 1316 4102 1758 4186; x_wconf 77' lang='grc' dir='ltr'>Ἀχίλλειον,</span> <span class='ocrx_word' id='word_1_260' title='bbox 1789 4100 1855 4168; x_wconf 89' lang='lat' dir='ltr'><strong>id</strong></span> <span class='ocrx_word' id='word_1_261' title='bbox 1885 4102 2067 4185; x_wconf 89' lang='lat' dir='ltr'><strong>quod</strong></span> <span class='ocrx_word' id='word_1_262' title='bbox 2101 4104 2247 4165; x_wconf 85' lang='lat' dir='ltr'><strong>sine</strong></span> <span class='ocrx_word' id='word_1_263' title='bbox 2270 4102 2472 4167; x_wconf 89' lang='lat' dir='ltr'><strong>dubio</strong></span> <span class='ocrx_word' id='word_1_264' title='bbox 2508 4106 2895 4185; x_wconf 84' lang='lat' dir='ltr'><strong>corruptum</strong></span> <span class='ocrx_word' id='word_1_265' title='bbox 2926 4108 3053 4167; x_wconf 85' lang='lat' dir='ltr'><strong>est.</strong></span> <span class='ocrx_word' id='word_1_266' title='bbox 3104 4101 3389 4169; x_wconf 85' lang='lat' dir='ltr'><strong>Codices</strong></span> <span class='ocrx_word' id='word_1_267' title='bbox 3418 4103 3562 4185; x_wconf 89' lang='lat' dir='ltr'><strong>qui·-</strong></span> 
     </span>
     <span class='ocr_line' id='line_1_30' title="bbox 878 4166 3562 4272; baseline 0.001 -21"><span class='ocrx_word' id='word_1_268' title='bbox 878 4166 1036 4253; x_wconf 88' lang='lat' dir='ltr'><strong>dem</strong></span> <span class='ocrx_word' id='word_1_269' title='bbox 1084 4168 1447 4272; x_wconf 88' lang='lat' dir='ltr'><strong>Stephan</strong></span> <span class='ocrx_word' id='word_1_270' title='bbox 1469 4205 1567 4252; x_wconf 93' lang='lat' dir='ltr'><strong>eo</strong></span> <span class='ocrx_word' id='word_1_271' title='bbox 1589 4207 1620 4252; x_wconf 88' lang='lat' dir='ltr'><strong>s</strong></span> <span class='ocrx_word' id='word_1_272' title='bbox 1668 4189 2047 4252; x_wconf 88' lang='lat' dir='ltr'><strong>consentire</strong></span> <span class='ocrx_word' id='word_1_273' title='bbox 2076 4190 2252 4252; x_wconf 88' lang='lat' dir='ltr'><strong>inter</strong></span> <span class='ocrx_word' id='word_1_274' title='bbox 2286 4207 2359 4252; x_wconf 85' lang='lat' dir='ltr'><strong>se</strong></span> <span class='ocrx_word' id='word_1_275' title='bbox 2390 4207 2625 4253; x_wconf 88' lang='lat' dir='ltr'><strong>omnes</strong></span> <span class='ocrx_word' id='word_1_276' title='bbox 2658 4186 3116 4253; x_wconf 87' lang='lat' dir='ltr'><strong>subministrat</strong></span> <span class='ocrx_word' id='word_1_277' title='bbox 3146 4190 3309 4255; x_wconf 89' lang='lat' dir='ltr'><strong>mihi</strong></span> <span class='ocrx_word' id='word_1_278' title='bbox 3349 4190 3562 4271; x_wconf 77' lang='lat' dir='ltr'><strong>Boy-</strong></span> 
     </span>
     <span class='ocr_line' id='line_1_31' title="bbox 877 4272 3551 4381; baseline 0 -43"><span class='ocrx_word' id='word_1_279' title='bbox 877 4274 1188 4339; x_wconf 88' lang='lat' dir='ltr'><strong>senius.</strong></span> <span class='ocrx_word' id='word_1_280' title='bbox 1286 4272 1462 4357; x_wconf 77' lang='lat' dir='ltr'><strong>Quid</strong></span> <span class='ocrx_word' id='word_1_281' title='bbox 1512 4276 1618 4339; x_wconf 88' lang='lat' dir='ltr'><strong>hic</strong></span> <span class='ocrx_word' id='word_1_282' title='bbox 1678 4273 2123 4381; x_wconf 86' lang='lat' dir='ltr'><strong>desideretur,</strong></span> <span class='ocrx_word' id='word_1_283' title='bbox 2195 4275 2634 4340; x_wconf 85' lang='lat' dir='ltr'><strong>Strabonis</strong></span> <span class='ocrx_word' id='word_1_284' title='bbox 2680 4275 2887 4341; x_wconf 81' lang='lat' dir='ltr'><strong>verba</strong></span> <span class='ocrx_word' id='word_1_285' title='bbox 2931 4274 3233 4341; x_wconf 87' lang='lat' dir='ltr'><strong>indicant</strong></span> <span class='ocrx_word' id='word_1_286' title='bbox 3278 4296 3342 4360; x_wconf 92' lang='lat' dir='ltr'><strong>p.</strong></span> <span class='ocrx_word' id='word_1_287' title='bbox 3390 4276 3551 4340; x_wconf 81' lang='grc'><strong>596.</strong></span> 
     </span>
     <span class='ocr_line' id='line_1_32' title="bbox 875 4356 3562 4451; baseline 0 -26"><span class='ocrx_word' id='word_1_288' title='bbox 875 4364 982 4425; x_wconf 75' lang='grc' dir='ltr'><strong>τοῦ</strong></span> <span class='ocrx_word' id='word_1_289' title='bbox 1021 4365 1133 4445; x_wconf 73' lang='grc' dir='ltr'><strong>μὲν</strong></span> <span class='ocrx_word' id='word_1_290' title='bbox 1177 4356 1280 4425; x_wconf 79' lang='grc' dir='ltr'><strong>οὖν</strong></span> <span class='ocrx_word' id='word_1_291' title='bbox 1313 4360 1635 4445; x_wconf 78' lang='grc' dir='ltr'>Ἀχιλλέως</span> <span class='ocrx_word' id='word_1_292' title='bbox 1675 4366 1777 4423; x_wconf 82' lang='grc' dir='ltr'><strong>καὶ</strong></span> <span class='ocrx_word' id='word_1_293' title='bbox 1821 4356 1984 4446; x_wconf 80' lang='grc' dir='ltr'>ἱερόν</span> <span class='ocrx_word' id='word_1_294' title='bbox 2025 4361 2156 4425; x_wconf 73' lang='grc' dir='ltr'>εστι</span> <span class='ocrx_word' id='word_1_295' title='bbox 2186 4365 2289 4425; x_wconf 84' lang='grc' dir='ltr'><strong>καὶ</strong></span> <span class='ocrx_word' id='word_1_296' title='bbox 2313 4366 2513 4445; x_wconf 75' lang='grc' dir='ltr'><strong><em>μνῆμα</em></strong></span> <span class='ocrx_word' id='word_1_297' title='bbox 2559 4364 2739 4447; x_wconf 79' lang='grc' dir='ltr'>πρὸς</span> <span class='ocrx_word' id='word_1_298' title='bbox 2780 4366 2877 4451; x_wconf 79' lang='grc' dir='ltr'><strong>τῷ</strong></span> <span class='ocrx_word' id='word_1_299' title='bbox 2922 4364 3219 4451; x_wconf 79' lang='grc' dir='ltr'>Σιγείῳ.</span> <span class='ocrx_word' id='word_1_300' title='bbox 3317 4359 3562 4444; x_wconf 77' lang='lat' dir='ltr'><strong>Quam·</strong></span> 
     </span>
     <span class='ocr_line' id='line_1_33' title="bbox 877 4426 3559 4532; baseline 0 -21"><span class='ocrx_word' id='word_1_301' title='bbox 877 4466 1085 4530; x_wconf 89' lang='lat' dir='ltr'><strong>quam</strong></span> <span class='ocrx_word' id='word_1_302' title='bbox 1137 4447 1478 4531; x_wconf 89' lang='lat' dir='ltr'><strong>quomodo</strong></span> <span class='ocrx_word' id='word_1_303' title='bbox 1526 4448 1908 4530; x_wconf 88' lang='lat' dir='ltr'><strong>corruptela</strong></span> <span class='ocrx_word' id='word_1_304' title='bbox 1953 4453 2296 4513; x_wconf 85' lang='lat' dir='ltr'><strong>contracta</strong></span> <span class='ocrx_word' id='word_1_305' title='bbox 2344 4452 2427 4513; x_wconf 88' lang='lat' dir='ltr'><strong>sit</strong></span> <span class='ocrx_word' id='word_1_306' title='bbox 2472 4451 2537 4512; x_wconf 89' lang='lat' dir='ltr'><strong>in</strong></span> <span class='ocrx_word' id='word_1_307' title='bbox 2588 4426 2947 4532; x_wconf 86' lang='lat' dir='ltr'><strong>Stephano,</strong></span> <span class='ocrx_word' id='word_1_308' title='bbox 2999 4426 3269 4514; x_wconf 76' lang='lat' dir='ltr'><strong>difficile</strong></span> <span class='ocrx_word' id='word_1_309' title='bbox 3314 4454 3416 4513; x_wconf 85' lang='lat' dir='ltr'><strong>est</strong></span> <span class='ocrx_word' id='word_1_310' title='bbox 3461 4448 3559 4511; x_wconf 90' lang='lat' dir='ltr'><strong>di·</strong></span> 
     </span>
     <span class='ocr_line' id='line_1_34' title="bbox 877 4531 3560 4625; baseline 0.001 -30"><span class='ocrx_word' id='word_1_311' title='bbox 877 4535 1136 4599; x_wconf 80' lang='lat' dir='ltr'><strong>vinare.</strong></span> <span class='ocrx_word' id='word_1_312' title='bbox 1230 4534 1453 4599; x_wconf 77' lang='lat' dir='ltr'><strong>Possit</strong></span> <span class='ocrx_word' id='word_1_313' title='bbox 1497 4534 1671 4598; x_wconf 81' lang='lat' dir='ltr'><strong>forte</strong></span> <span class='ocrx_word' id='word_1_314' title='bbox 1717 4535 1995 4617; x_wconf 76' lang='lat' dir='ltr'><strong>cogitari</strong></span> <span class='ocrx_word' id='word_1_315' title='bbox 2064 4531 2241 4609; x_wconf 80' lang='grc' dir='ltr'>πόλις</span> <span class='ocrx_word' id='word_1_316' title='bbox 2313 4532 2377 4597; x_wconf 77' lang='grc' dir='ltr'><strong>ἐν</strong></span> <span class='ocrx_word' id='word_1_317' title='bbox 2444 4539 2531 4625; x_wconf 76' lang='grc' dir='ltr'><strong>τῷ</strong></span> <span class='ocrx_word' id='word_1_318' title='bbox 2578 4536 2800 4623; x_wconf 78' lang='grc' dir='ltr'>Σιγείω</span> <span class='ocrx_word' id='word_1_319' title='bbox 2846 4553 2964 4617; x_wconf 85' lang='lat' dir='ltr'><strong>pro</strong></span> <span class='ocrx_word' id='word_1_320' title='bbox 3009 4539 3263 4614; x_wconf 77' lang='grc' dir='ltr'>πλησίον</span> <span class='ocrx_word' id='word_1_321' title='bbox 3304 4538 3410 4599; x_wconf 72' lang='grc' dir='ltr'><strong>τοῦ</strong></span> <span class='ocrx_word' id='word_1_322' title='bbox 3451 4536 3560 4599; x_wconf 83' lang='grc' dir='ltr'><strong>Σι·</strong></span> 
     </span>
     <span class='ocr_line' id='line_1_35' title="bbox 877 4600 3557 4704; baseline 0.001 -20"><span class='ocrx_word' id='word_1_323' title='bbox 877 4623 1042 4704; x_wconf 78' lang='grc' dir='ltr'>γείου</span> <span class='ocrx_word' id='word_1_324' title='bbox 1087 4619 1288 4701; x_wconf 88' lang='lat' dir='ltr'><strong>(solet</strong></span> <span class='ocrx_word' id='word_1_325' title='bbox 1331 4626 1658 4704; x_wconf 87' lang='lat' dir='ltr'><strong>quantum</strong></span> <span class='ocrx_word' id='word_1_326' title='bbox 1706 4622 1930 4700; x_wconf 88' lang='lat' dir='ltr'><strong>video,</strong></span> <span class='ocrx_word' id='word_1_327' title='bbox 1978 4620 2157 4703; x_wconf 89' lang='lat' dir='ltr'><strong>apud</strong></span> <span class='ocrx_word' id='word_1_328' title='bbox 2205 4600 2620 4703; x_wconf 82' lang='lat' dir='ltr'><strong>Stephanum</strong></span> <span class='ocrx_word' id='word_1_329' title='bbox 2668 4600 2922 4701; x_wconf 78' lang='grc' dir='ltr'>πλῆσίον</span> <span class='ocrx_word' id='word_1_330' title='bbox 2961 4639 3227 4703; x_wconf 88' lang='lat' dir='ltr'><strong>semper</strong></span> <span class='ocrx_word' id='word_1_331' title='bbox 3258 4641 3407 4686; x_wconf 89' lang='lat' dir='ltr'><strong>cum</strong></span> <span class='ocrx_word' id='word_1_332' title='bbox 3442 4640 3557 4704; x_wconf 83' lang='lat' dir='ltr'><strong>ge·</strong></span> 
     </span>
     <span class='ocr_line' id='line_1_36' title="bbox 813 4706 3569 4814; baseline 0.001 -45"><span class='ocrx_word' id='word_1_333' title='bbox 813 4736 820 4741; x_wconf 91' lang='lat'><strong>·</strong></span> <span class='ocrx_word' id='word_1_334' title='bbox 881 4709 1109 4771; x_wconf 87' lang='lat' dir='ltr'><strong>netivo</strong></span> <span class='ocrx_word' id='word_1_335' title='bbox 1156 4706 1490 4814; x_wconf 89' lang='lat' dir='ltr'><strong>copulari)</strong></span> <span class='ocrx_word' id='word_1_336' title='bbox 1537 4708 1856 4791; x_wconf 87' lang='lat' dir='ltr'><strong>scriptum</strong></span> <span class='ocrx_word' id='word_1_337' title='bbox 1891 4724 2063 4782; x_wconf 82' lang='lat' dir='ltr'><strong>esse,</strong></span> <span class='ocrx_word' id='word_1_338' title='bbox 2114 4707 2231 4771; x_wconf 84' lang='lat' dir='ltr'><strong>sed</strong></span> <span class='ocrx_word' id='word_1_339' title='bbox 2271 4726 2420 4772; x_wconf 89' lang='lat' dir='ltr'><strong>cum</strong></span> <span class='ocrx_word' id='word_1_340' title='bbox 2471 4708 2903 4772; x_wconf 86' lang='lat' dir='ltr'><strong>antecesserit</strong></span> <span class='ocrx_word' id='word_1_341' title='bbox 2934 4706 3312 4772; x_wconf 88' lang='lat' dir='ltr'><strong>Achilleum</strong></span> <span class='ocrx_word' id='word_1_342' title='bbox 3361 4708 3569 4793; x_wconf 73' lang='grc' dir='ltr'><strong><em>κώμη,’</em></strong></span> 
     </span>
     <span class='ocr_line' id='line_1_37' title="bbox 881 4791 3553 4881; baseline 0.001 -24"><span class='ocrx_word' id='word_1_343' title='bbox 881 4798 1206 4875; x_wconf 86' lang='lat' dir='ltr'><strong>sequatur</strong></span> <span class='ocrx_word' id='word_1_344' title='bbox 1250 4791 1538 4881; x_wconf 76' lang='grc' dir='ltr'>φρούριον</span> <span class='ocrx_word' id='word_1_345' title='bbox 1585 4798 1648 4858; x_wconf 89' lang='lat' dir='ltr'><strong>et</strong></span> <span class='ocrx_word' id='word_1_346' title='bbox 1676 4792 1880 4874; x_wconf 83' lang='grc' dir='ltr'>τόπος,</span> <span class='ocrx_word' id='word_1_347' title='bbox 1923 4812 2011 4858; x_wconf 87' lang='lat' dir='ltr'><strong>ne</strong></span> <span class='ocrx_word' id='word_1_348' title='bbox 2042 4793 2155 4857; x_wconf 90' lang='lat' dir='ltr'><strong>hic</strong></span> <span class='ocrx_word' id='word_1_349' title='bbox 2184 4793 2456 4877; x_wconf 89' lang='lat' dir='ltr'><strong>quidem</strong></span> <span class='ocrx_word' id='word_1_350' title='bbox 2492 4793 2669 4869; x_wconf 82' lang='grc' dir='ltr'>πόλις</span> <span class='ocrx_word' id='word_1_351' title='bbox 2696 4794 3228 4876; x_wconf 84' lang='lat' dir='ltr'><strong>extinguendum</strong></span> <span class='ocrx_word' id='word_1_352' title='bbox 3266 4795 3553 4860; x_wconf 84' lang='lat' dir='ltr'><strong>videtur.</strong></span> 
     </span>
     <span class='ocr_line' id='line_1_38' title="bbox 879 4878 3557 5029; baseline 0.001 -86"><span class='ocrx_word' id='word_1_353' title='bbox 879 4878 1111 5029; x_wconf 51' lang='lat' dir='ltr'><strong>Ficus</strong></span> <span class='ocrx_word' id='word_1_354' title='bbox 1103 4886 1351 4963; x_wconf 87' lang='lat' dir='ltr'><strong>potest</strong></span> <span class='ocrx_word' id='word_1_355' title='bbox 1398 4887 1471 4946; x_wconf 88' lang='lat' dir='ltr'><strong>ut</strong></span> <span class='ocrx_word' id='word_1_356' title='bbox 1515 4881 1892 4965; x_wconf 85' lang='lat' dir='ltr'><strong>Stephanus</strong></span> <span class='ocrx_word' id='word_1_357' title='bbox 1939 4898 2059 4963; x_wconf 89' lang='lat' dir='ltr'><strong>pro</strong></span> <span class='ocrx_word' id='word_1_358' title='bbox 2103 4880 2282 4957; x_wconf 82' lang='grc' dir='ltr'>πόλις</span> <span class='ocrx_word' id='word_1_359' title='bbox 2328 4880 2391 4946; x_wconf 79' lang='grc' dir='ltr'><strong>ἐν</strong></span> <span class='ocrx_word' id='word_1_360' title='bbox 2434 4886 2521 4973; x_wconf 80' lang='grc' dir='ltr'><strong>τῷ</strong></span> <span class='ocrx_word' id='word_1_361' title='bbox 2566 4878 2788 4969; x_wconf 78' lang='grc' dir='ltr'>Σιγείῳ</span> <span class='ocrx_word' id='word_1_362' title='bbox 2835 4882 3174 4965; x_wconf 86' lang='lat' dir='ltr'><strong>scripserit</strong></span> <span class='ocrx_word' id='word_1_363' title='bbox 3216 4880 3392 4958; x_wconf 81' lang='grc' dir='ltr'>πόλις</span> <span class='ocrx_word' id='word_1_364' title='bbox 3434 4880 3557 4966; x_wconf 78' lang='grc' dir='ltr'><strong>ἐγ·</strong></span> 
     </span>
     <span class='ocr_line' id='line_1_39' title="bbox 875 4968 1308 5049; baseline 0 -20"><span class='ocrx_word' id='word_1_365' title='bbox 875 4968 1002 5049; x_wconf 72' lang='grc' dir='ltr'><strong>γῦς</strong></span> <span class='ocrx_word' id='word_1_366' title='bbox 1101 4969 1308 5049; x_wconf 67' lang='lat' dir='ltr'><strong>arslot).</strong></span> 
     </span>
    </p>
   </div>
  </div>
 </body>
</html>
