4057 5790
1952 470 2529 542 —116—

870 695 1329 789 difficultates
1400 711 1524 784 ille
1582 712 1686 784 ita
1755 709 2115 784 dimovere
2188 714 2481 785 conatus
2539 715 2684 795 est,
2762 713 2843 782 ut
2924 708 3020 780 16
3074 707 3363 780 illorum
3425 728 3545 779 an-

873 872 1156 943 norum,
1207 871 1384 940 quos
1441 846 1840 922 Aristotele
1885 849 2081 923 teste*
2128 849 2444 922 exulavit
2490 813 2953 940 Pisistratus,
3002 853 3329 938 partem
3384 850 3547 938 post

881 978 1034 1061 549
1085 986 1420 1062 cecidisse
1472 992 1791 1059 sumeret
1841 987 1912 1058 h.
1953 1008 2017 1068 e.
2069 986 2527 1092 Pisistratum
2592 993 2753 1090 post
2807 984 3057 1059 Croesi
3113 984 3307 1057 illam
3359 982 3548 1073 lega-

873 1128 1146 1201 tionem
1198 1125 1308 1198 vel
1365 1122 1583 1196 semel
1641 1121 1952 1198 Athenis
2011 1126 2384 1217 expulsum
2432 1145 2589 1198 esse
2644 1130 3015 1198 statueret.
3122 1122 3351 1213 Quam
3402 1119 3549 1211 opi-

873 1265 1161 1339 nionem
1218 1269 1296 1336 ut
1354 1264 1870 1357 comprobaret,
1942 1262 2283 1355 Ungerus
2349 1265 2527 1338 duos
2580 1264 2777 1338 locos
2828 1261 3218 1346 arcessivit,
3290 1259 3545 1354 quippe

873 1402 1130 1494 quibus
1184 1399 1771 1475 Pisistratum
1815 1423 1904 1473 -re
1957 1424 2131 1476 vera
2183 1423 2326 1475 non
2388 1407 2567 1492 ter,
2656 1401 2783 1473 sed
2845 1404 3161 1490 quater
3232 1395 3548 1490 tyranni·

875 1541 1038 1614 dem
1077 1539 1469 1613 obtinuisse
1517 1535 1942 1617 efficeretur.
2027 1537 2452 1630 Priusquam
2506 1544 2739 1611 autem
2793 1536 2881 1609 ad
2928 1537 3059 1609 hos
3112 1534 3544 1626 accedamuS,

873 1679 1067 1770 ipsas
1124 1698 1271 1770 eas,
1326 1676 1583 1766 quibus
1613 1656 1891 1769 Ungeri
1929 1678 2459 1768 argumentatio
2509 1677 2787 1768 nititur,
2841 1696 2957 1746 res
3004 1679 3243 1765 gestas
3296 1670 3546 1764 paullo

872 1816 1274 1891 accuratius
1329 1815 1813 1900 examinemus
1868 1833 2156 1888 necesse
2212 1820 2347 1888 est.

1088 1951 1519 2044 Ungerus
1569 1959 1649 2025 ut
1697 1949 1962 2026 Sardes
2019 1954 2165 2024 546
2199 1958 2439 2043 captas
2469 1972 2652 2044 esse,
2703 1952 2806 2023 ita
2842 1948 3094 2023 Croesi
3118 1946 3542 2040 legationem

880 2091 1166 2167 tribus
1217 2092 1466 2164 annis
1527 2097 1692 2164 ante
1746 2091 1821 2163 id
1875 2097 2154 2183 tempus
2208 2091 2281 2163 in
2311 2089 2686 2164 Graeciam
2740 2091 3027 2162 missam
3082 2109 3238 2161 esse
3277 2084 3551 2159 statuit.

881 2229 1074 2303 Hinc
1122 2237 1387 2322 cet-era,
1446 2221 1633 2320 quae
1690 2229 1922 2302 effecit
1972 2229 2097 2300 ille
2136 2228 2495 2321 pendent.
2578 2227 2691 2300 De
2752 2229 2909 2320 ipso
2949 2248 3161 2318 anu0,
3214 2246 3352 2316 quo
3389 2221 3554 2296 Sar·

884 2369 1008 2441 des
1063 2373 1505 2460 expugnatae
1560 2369 1741 2459 sint,
1832 2367 2155 2439 homines
2234 2368 2421 2440 docti
2495 2387 2651 2440 cum
2726 2373 3005 2438 veteres
3085 2371 3236 2437 tum
3314 2381 3555 2436 recen·

880 2491 1101 2579 tiores
1155 2507 1409 2578 mirum
1477 2511 1817 2596 quantum
1873 2504 2332 2598 dissentiunt,
2412 2505 2608 2578 velut
2681 2525 2908 2596 nuper
2963 2503 3546 2594 Biidingerus

879 2643 1043 2735 plus
1099 2634 1306 2735 quam
1361 2642 1600 2716 decem
1656 2642 2013 2715 hominum
2069 2644 2541 2717 recentiorum
2590 2643 3174 2735 computationes,
3227 2641 3419 2712 inter
3472 2659 3547 2710 se

880 2782 1096 2875 plane
1181 2779 1612 2866 differenteS,
1687 2781 2131 2887 enumeravit
2187 2776 2743 2890 ·(Sitzungsber.
2809 2781 2877 2854 d.
2947 2778 3173 2852 Wien.
3234 2775 3379 2850 Ak.
3452 2777 3551 2848 92

882 2939 952 3010 p.
1009 2918 1161 2991 19⁹7
1207 2918 1364 3009 sq).
1476 2916 1620 2991 Sed
1691 2885 1806 2991 ut⁸
1850 2920 2177 3010 equidem
2240 2922 2726 3011 quaestionem
2784 2922 3372 2993 contortissimam
3428 2916 3552 2987 mi—

880 3058 1068 3130 nime
1119 3055 1252 3130 hoc
1307 3055 1459 3129 loco
1499 3055 1680 3127 solvi
1740 3078 1951 3147 posse
2033 3058 2386 3152 existimo,
2469 3060 2579 3131 ita
2648 3065 2883 3131 tamen
2938 3080 3025 3131 ex
3078 3056 3379 3148 singulis
3432 3054 3547 3145 iis,

879 3216 1056 3286 quos
1107 3194 1242 3267 viri
1297 3193 1489 3267 docti
1537 3195 2061 3269 constituerunt
2107 3182 2429 3269 termi‘nis
2499 3218 2640 3270 non
2693 3198 2830 3270 nisi
2869 3197 3168 3270 duorum
3223 3194 3548 3267 nunciam

881 3333 1064 3405 ratio
1119 3331 1292 3403 mihi
1345 3331 1674 3405 habenda
1721 3334 2027 3411 videtur.
2104 3333 2396 3426 Reliqui
2430 3336 2665 3428 (velut
2704 3336 2917 3408 etiam
2968 3337 3052 3422 is,
3107 3355 3311 3426 quem
3356 3333 3547 3405 Dun-

882 3472 1140 3545 ckerus
1195 3467 1283 3543 Gr.
1344 3469 1411 3542 d.
1461 3472 1543 3541 A.
1586 3468 1739 3543 IV5
1788 3493 1852 3563 p.
1899 3472 2049 3544 323
2104 3473 2395 3547 exhibet
2432 3496 2701 3547 annus:
2757 3478 2939 3558 549)
2992 3480 3372 3564 tantopere
3422 3490 3551 3562 pu-

879 3615 1102 3701 gnant
1133 3626 1284 3681 cum
1340 3608 1554 3681 rebus
1610 3609 1897 3681 aliunde
1955 3613 2131 3685 satis
2171 3614 2670 3708 comprobatis,
2711 3622 2790 3687 ut
2826 3616 2915 3687 iis
2952 3614 3129 3687 fides
3170 3614 3307 3684 iam
3348 3609 3550 3683 nulla

881 3747 1116 3839 possit
1181 3745 1458 3818 haberi.
1599 3745 1738 3822 Un
1769 3769 2073 3839 geras,
2144 3748 2491 3843 Kyaoeares
2562 3756 2703 3823 und
2763 3756 3071 3845 Ascyaqes
3152 3747 3545 3844 (Abhandl.

807 3854 818 3881 ⁸
883 3884 950 3955 d.
1011 3882 1270 3977 Bayer.
1328 3885 1466 3956 Ak.
1527 3884 1732 3957 1882
1770 3907 1838 3977 p.
1899 3886 2044 3959 245
2094 3885 2231 3983 sq.)
2271 3887 2767 3964 Sosicratis
2814 3888 3297 3964 testimonium
3354 3905 3550 3959 rece·

876 4022 1010 4112 pit,
1090 4021 1278 4093 unde
1359 4018 1625 4095 Sardes
1705 4022 1797 4100 ol.
1861 4024 1980 4116 58,
2039 4029 2084 4096 4
2136 4059 2239 4084 --
2294 4024 2528 4121 54615
2593 4034 2835 4120 captas
2914 4050 3069 4101 esse
3138 4026 3463 4100 efficitur.
3484 4020 3545 4113 ¹)

1109 4174 1190 4183 ι.-

1082 4259 1156 4339 1)
1219 4259 1325 4323 Ex
1370 4260 1498 4325 Un
1515 4262 1696 4341 geri
1749 4262 2247 4345 computatione
2300 4264 2379 4327 41
2425 4266 2619 4328 annis
2676 4269 2829 4349 post
2858 4264 2950 4328 ol.
2984 4266 3093 4349 ⁴8,
3131 4265 3175 4328 2
3202 4294 3291 4322 =
3318 4264 3543 4347 58716,

877 4346 986 4408 eui
1032 4363 1211 4410 anno
1256 4345 1373 4410 ille
1419 4346 1770 4411 Periandri
1816 4355 2103 4413 mortem
2152 4348 2489 4433 adsignat:
2577 4351 2818 4415 Philol.
2872 4351 3022 4415 XLI
3065 4373 3128 4436 p.
3168 4354 3317 4415 625.
3412 4352 3546 4415 Sed

875 4433 1123 4496 rectius
1173 4434 1288 4515 qui
1325 4433 1612 4498 eundem
1641 4451 1892 4497 annum
1929 4440 2108 4500 tenet
2152 4437 2349 4517 (546)
2394 4438 2772 4503 Dielsius
2818 4438 2906 4501 M.
2940 4438 3066 4503 Rh.
3098 4438 3330 4503 XXXI
3363 4459 3428 4521 p.
3461 4438 3547 4500 20

879 4520 1204 4602 Diogenis
1252 4521 1463 4584 verba
1507 4525 1575 4584 et
1620 4520 2009 4586 distinxisse
2054 4526 2123 4587 et
2167 4523 2593 4606 expedivisse
2640 4525 2921 4590 videtur.
2989 4525 3402 4589 Gelzerus
3450 4524 3541 4587 M.

879 4604 1006 4669 Rh.
1071 4604 1272 4668 XXX
1342 4626 1409 4689 p.
1456 4607 1606 4691 242,
1679 4604 2115 4673 Busoltius
2163 4610 2276 4673 Gr.
2318 4610 2397 4674 G.
2450 4610 2483 4674 1
2518 4632 2582 4695 p.
2630 4612 2779 4691 332,
2822 4610 3194 4675 Holmius
3241 4610 3358 4677 Gr.
3401 4610 3544 4675 G.1

877 4712 942 4773 p.
995 4692 1118 4754 394
1169 4691 1456 4755 eandem
1504 4700 1707 4777 atque
1751 4693 2060 4775 Ungerus
2104 4696 2313 4761 secuti
2358 4704 2511 4760 sunt
2554 4700 2905 4762 rationem.
3002 4698 3541 4778 Schubertus,

874 4777 1724 4947 ffsgcgssogllffonigffvon
1755 4780 2016 4863 Lydien
2060 4802 2129 4866 p.
2167 4784 2294 4847 110
2336 4785 2674 4868 propriam
2723 4784 2809 4850 de
2853 4786 2981 4849 hac
3022 4802 3099 4849 re
3142 4786 3548 4850 sententiam
