4057 5790
1966 577 2475 648 ...54-

891 817 1363 907 Meyer-ensium
1459 815 1696 909 impetu
1793 822 1883 886 ad
1993 818 2329 889 Colt'adem
2418 825 2601 912 sacto
2689 839 2920 909 neque
3014 838 3306 909 usquam
3396 815 3591 888 duas
3702 887 3711 900 ,

890 953 1006 1024 has
1077 975 1188 1025 res
1252 949 1456 1046 §estus
1514 969 1712 1026 cerco
1800 956 2156 1047 dminquic.
2198 951 2259 1048 ¹)
2404 953 2737 1028 Iustini
2801 954 3049 1028 verba:
3143 975 3257 1049 ‚ne
3300 953 3593 1028 frustra

891 1083 1090 1164 arma
1157 1092 1459 1166 movisse
1551 1092 1989 1166 viderentur‘
2086 1091 2418 1178 videlicet
2506 1091 3114 1176 referenda‚sunt
3178 1093 3267 1166 ad
3320 1091 3589 1166 Sala-

831 1229 1162 1302 ‘minis
1233 1229 1722 1322 amissionem‚-
1808 1251 2016 1321 quam
2090 1230 2163 1300 in
2248 1228 2389 1300 fine
2477 1229 2727 1322 capitis
2790 1218 3321 1303 antecedentis
3388 1250 3585 1304 com-

892 1372 1442 1442 memoraverat.
1493 1370 1690 1460 ipse:
1769 1341 2281 1460 §omniumque
2377 1368 2646 1440 animos
2708 1367 2810 1439 ita
2908 1369 3095 1458 cepit
3167 1363 3420 1464 (Solo),
3490 1375 3585 1440 ut·

893 1504 1256 1599 extemplo
1331 1504 1597 1580 bellum
1673 1505 2016 1578 adversus
2072 1505 2539 1597 Megarenses
2616 1506 3123 1580 decerneretur
3196 1504 3585 1596 insulaque

895 1643 1199 1718 devictis
1250 1643 1597 1736 hostibus»,
1659 1642 2209 1718 Atheniensium
2264 1643 2519 1740 fieret.‘
2598 1643 3007 1737 Descripsit
3028 1644 3347 1718 Iustinus
3377 1644 3581 1716 nimi-

896 1800 1052 1853 rum
1113 1781 1226 1854 hic
1271 1781 1603 1873 deinceps
1655 1781 1936 1872 singula
1987 1787 2345 1854 momenta
2399 1780 2609 1854 unius
2646 1788 2722 1853 et
2746 1781 3061 1854 eiusdem
3086 1780 3281 1854 belli.
3370 1779 3581 1854 Gom·

911 1918 1259 2011 probatur
1308 1928 1544 1992 autem
1601 1921 1754 1993 eius
1807 1921 2127 1993 narratio
2182 1921 2395 1993 etiam
2444 1919 2915 1992 Plutarchi
2970 1919 3400 2013 testimonio,
3455 1921 3583 2011 qui

901 2057 1272 2132 Salamine
1302 2058 1538 2132 insula
1565 2065 1975 2150 expugnata
2018 2060 2539 2136 controversias
2586 2058 2957 2132 nondum
3014 2056 3366 2134 confectas
3418 2079 3579 2131 esse

903 2193 1176 2270 diserte
1229 2193 1454 2279 'refert
1499 2193 1649 2270 Sol.
1695 2199 1836 2268 10:
1927 2191 2024 2268 Οὐ
2096 2195 2229 2293 μὴν
2293 2194 2467 2266 ἀλλὰ
2514 2203 2653 2266 τῶν
2708 2189 3085 2292 Μεγαρέων
3138 2193 3579 2289 ἐπιμενόντων

901 2331 1122 2404 πολλὰ
1149 2369 1157 2374 -
1189 2331 1361 2434 κακᾷ
1433 2333 1544 2403 καὶ
1613 2331 1900 2430 δρῶντες
1975 2331 2045 2404 ἐν
2098 2335 2199 2431 τῷ
2266 2332 2545 2431 πολέμῳ
2598 2333 2707 2404 καὶ
2756 2333 3128 2428 πάσχοντεζ
3180 2333 3579 2430 ἐποιήσαντο

904 2469 1466 2565 Λακεδαιμονίους
1538 2470 1934 2548 διαλλακτὰς
1989 2473 2101 2542 καὶ
2164 2472 2490 2550 δικαστάς.
2600 2473 3002 2546 Fluxerunt
3054 2473 3209 2566 ipsa
3260 2471 3435 2547 haec
3490 2493 3581 2544 ex

904 2613 1172 2704 optimo
1223 2609 1445 2684 fonte.
1553 2611 1756 2703 Quae
1811 2611 2345 2701 subsequuntur
2396 2612 2534 2684 iam
2589 2611 2877 2683 aliunde
2932 2612 3157 2703 petita
3210 2613 3397 2682 sunt.

1114 2746 1536 2821 Narrationi
1590 2750 1681 2820 Iu
1709 2749 2171 2821 stinianae
2250 2747 2659 2824 adiunctum
2740 2755 2849 2822 est
2902 2754 3328 2838 stratagema
3400 2746 3584 2819 illud

903 2887 1428 2981 Pisistrati,
1483 2887 1670 2977 quod
1724 2908 1942 2980 supra
1992 2887 2606 2978 perlustravimus.
2688 2885 2820 2959 Oui
2870 2885 2974 2957 rei
3015 2885 3338 2975 quamvis
3367 2883 3581 2977 aple-

913 3026 1158 3116 risque
1217 3022 1394 3098 fides
1449 3026 1800 3100 historica.
1852 3026 2211 3099 vindicata
2272 3026 2390 3117 sit,
2466 3042 2591 3097 cur
2669 3029 2905 3097 tamen
2971 3024 3046 3095 in
3122 3023 3583 3095 restituendis

909 3165 1124 3235 huius
1183 3161 1356 3235 belli
1395 3160 1606 3235 rebus
1663 3163 2071 3235 testimonio
2124 3162 2265 3234 isto
2320 3163 2426 3234 uti
2476 3170 2730 3235 verear
2783 3161 2931 3234 illic
2982 3163 3297 3255 exposui.
3376 3160 3585 3253 Quod

909 3301 1193 3393 quidem
1263 3301 1394 3374 sub
1449 3301 1658 3373 finem
1710 3301 2143 3373 narrationis
2198 3298 2461 3375 adiecit
2512 3296 2866 3409 lustin
2898 3322 3047 3373 us:
3140 3300 3583 3393 ,Pisistratus

907 3440 1224 3534 paullum
1293 3461 1338 3511 a
1409 3439 1752 3531 capienda
1827 3440 2001 3513 urbe
2051 3409 2173 3531 k(h.
2232 3460 2293 3517 e.
2350 3436 2651 3531 Nisaea)
2707 3436 2954 3512 abfuit’
3008 3439 3137 3511 hoc
3194 3438 3283 3511 ad
3342 3458 3579 3510 veram

905 3577 1316 3649 memoriam
1367 3577 1605 3649 redire
1662 3576 1949 3651 minime
2006 3582 2119 3650 est
2173 3576 2361 3667 qnod
2416 3586 2739 3666 negetur.
2868 3574 2973 3649 At
3042 3575 3253 3648 valde
3311 3576 3581 3667 dubito,

903 3737 1070 3789 num
1133 3714 1294 3790 huic
1349 3718 1456 3789 rei
1506 3736 1660 3790 cum
1717 3717 1876 3807 ipso
1928 3716 2425 3807 praecedentis
2480 3716 2914 3788 narrationis
2966 3718 3381 3805 argumento
3426 3712 3585 3796 ulla

903 3875 1233 3944 umquam
1293 3853 1790 3927 intercesserit
1841 3854 2055 3926 ratio.
3378 3854 3385 3861 '

1112 3992 1255 4063 Iam
1289 4012 1460 4064 vero
1492 4012 1645 4066 cum
1675 3991 2063 4064 viderimus
2094 4014 2201 4084 ea,
2232 4014 2413 4082 qnae
2440 3993 2628 4084 apud
2666 3990 3165 4064 Plutarchu
3190 4012 3255 4061 m
3290 3989 3585 4083 (Sol.9)

905 4128 991 4203 de
1056 4128 1342 4203 Solonis
1398 4128 1613 4201 rebus
1673 4129 1869 4203 bello
1927 4126 2319 4203 Salaminio
2380 4131 2599 4221 gestis
2642 4148 2649 4155 ’
2688 4128 2961 4202 tradita
3033 4134 3223 4223 sunt,
3278 4129 3583 4221 posteris

905 4269 1184 4343 demum
1241 4268 1681 4361 temporibus
1731 4268 2125 4359 composita
2176 4276 2251 4343 et
2301 4268 2601 4344 conficta
2633 4290 2815 4359 esse,
2853 4268 2973 4359 qui
3012 4268 3085 4339 id
3115 4267 3400 4340 omnino
3426 4266 3585 4338 fieri

905 4406 1252 4499 potuerit,
1333 4407 1487 4479 iure
1560 4405 2087 4501 licet0quaeri.
2180 4402 2585 4477 Permirum
2672 4406 2854 4477 enim
2928 4409 3061 4494 est,
3142 4401 3361 4477 totius
3414 4400 3587 4476 belli

1107 4714 1172 4795 1)
1269 4711 1898 4793 BegemannuS‚
1985 4710 2266 4793 Quaest.
2344 4711 2479 4775 Sol.
2530 4710 2631 4775 11·
2668 4732 2731 4794 p.
2783 4712 2867 4774 10
2934 4710 3258 4773 adverbio
3342 4707 3592 4773 interea

907 4801 1038 4864 hoe
1088 4800 1242 4865 loco
1283 4798 1356 4862 id
1407 4806 1672 4882 tempus
1715 4798 2081 4880 significari
2124 4801 2334 4881 putat,
2402 4799 2581 4881 quod
2628 4799 2801 4861 inter
2846 4795 3133 4876 elegiam
3190 4796 3588 4879 pronuncia·

908 4893 1044 4950 tam
1097 4894 1169 4950 et
1219 4884 1514 4949 insulam
1564 4890 2017 4968 expugnatam
2049 4886 2525 4948 intercesserit.
2574 4880 2773 4965 Quod
2808 4901 3078 4964 prorsus
3106 4882 3437 4947 insulsum
3470 4886 3591 4957 est,

907 4994 1056 5040 cum
1105 4972 1463 5041 Salaminis
1526 4976 1967 5059 expugnatae
2012 4970 2147 5037 iam
2194 4976 2395 5037 antea
2440 4971 2690 5034 mentio
2736 4970 2914 5033 faeta
2956 4970 3067 5033 sit.
