4057 5790
1549 613 1650 627 —
1759 575 1908 648 131
2013 615 2116 634 —-

493 833 592 887 an
612 835 675 886 a.
756 811 1054 888 Codices
1108 812 1784 906 Aristophanis
1839 837 2093 890 nomen
2148 815 2507 888 exhibent.
2636 811 2782 888 Sed
2838 812 3163 890 dubitan-

491 950 656 1024 dum
694 974 838 1026 uon
885 960 1018 1046 est,
1057 954 1226 1044 quin
1263 952 1745 1027 Bentleius
1798 976 2043 1028 verum
2096 954 2376 1028 viderit.
2474 953 2931 1028 Aristotelem
2970 972 3165 1029 accu-

491 1090 846 1164 ratissime
937 1091 1306 1167 Pisistrati
1393 1115 1510 1167 res
1596 1099 2102 1186 pertractasse,
2183 1093 2359 1166 satis
2438 1091 2703 1165 eisdem
2786 1093 3164 1168 edocemur

491 1227 812 1302 scholiis:
864 1231 1128 1306 excitat
1171 1223 1642 1329 Ἀριστοτέλην
1697 1230 1766 1302 ἐν
1814 1224 2209 1327 Ἀθηναίων
2263 1228 2564 1325 πολιτείᾳ
2616 1231 3031 1303 nominatim
3071 1230 3158 1304 de

487 1363 852 1440 Pisistrati
905 1367 1120 1440 rebus
1171 1375 1678 1442 commentator
1739 1370 1828 1443 ad
1885 1368 2256 1442 Acharn.
2294 1368 2446 1442 234
2482 1389 2613 1444 nec
2669 1390 2809 1442 non
2866 1369 3159 1460 quaein

495 1506 784 1580 scholiis
862 1507 952 1580 ad
1031 1505 1094 1580 L
1114 1509 1420 1600 ysistr.
1479 1509 1626 1580 665
1710 1510 2049 1581 et-1153
2126 1508 2212 1581 de
2266 1507 2656 1583 Pisistrato
2712 1513 2996 1582 exstant
3070 1508 3203 1580 ad.

492 1643 794 1717 eundem
851 1642 1391 1719 Aristotelis
1472 1646 1730 1719 librum
1813 1646 2211 1719 revocanda
2285 1653 2455 1720 sunt
2507 1645 2660 1740 (Ro
2680 1669 2803 1740 se,
2852 1647 3159 1720 Aristot.

488 1779 776 1872 Fragm.
833 1803 902 1872 p.
962 1784 1109 1855 416
1159 1789 1320 1874 sq.).
1430 1782 1708 1858 Contra
1742 1785 2245 1877 Aristophanis
2293 1787 2732 1894 grammatici
2786 1786 2874 1859 de
2918 1785 3047 1858 tali
3083 1805 3161 1857 re

491 1919 1000 2016 testimouium,
1049 1924 1472 2014 praesertim
1507 1925 1701 1997 inter
1732 1922 2423 1998 Eratosthenem
2480 1931 2556 1998 et
2608 1922 3163 1997 Herodotum

493 2057 939 2134 interiectum
997 2083 1341 2134 summam
1375 2069 1613 2136 movet
1649 2062 2146 2155 suspicionem.
2166 2055 2222 2159 1)
2275 2062 2740 2156 Quapropter
2790 2063 2977 2136 iusto
3006 2063 3162 2135 iure

491 2194 825 2270 Bentleio
857 2197 1332 2293 adstipulatus
1374 2207 1486 2274 est
1531 2203 1988 2292 Augustus
2026 2197 2517 2287 Nauckius,
2571 2198 2944 2293 Aristoph.
2984 2200 3161 2293 Byz.

491 2331 774 2425 Fragm.
830 2357 899 2427 p.
959 2339 1103 2408 66:
1153 2333 1433 2430 ,Neque
1486 2327 1672 2412 enim
1722 2339 2063 2413 credibile
2119 2347 2249 2435 est,
2307 2346 2434 2414 aut
2479 2338 2990 2435 Aristophanis
3028 2341 3165 2433 By·

491 2473 710 2545 zautii
762 2443 1252 2548 auctoritatem
1308 2475 1772 2550 Eratostheni
1828 2478 2119 2571 opponi,
2180 2485 2304 2552 aut
2372 2500 2527 2554 cum
2582 2477 2957 2552 Herodoto
3010 2496 3170 2552 con·
3274 2457 3279 2464 ⁵

493 2611 744 2684 sociari
833 2612 1389 2688 Alexandrinum
1459 2617 2043 2706 grammaticum.‘
2151 2613 2287 2690 Oui
2367 2623 2605 2690 tamen
2684 2619 2759 2690 iu
2840 2617 3165 2691 om'nibus

491 2749 841 2823 adsentiri
895 2773 1194 2843 nequeo.
1284 2751 1586 2826 Minime
1626 2755 1812 2828 enim
1859 2755 2083 2847 video,
2131 2756 2367 2830 curin
2423 2755 2972 2840 Aristotelis
3009 2775 3160 2826 ver-

491 2887 600 2961 bis
653 2887 873 2964 Polit.
906 2888 998 2964 V.
1058 2891 1130 2982 9,
1180 2893 1317 2964 23:
1369 2884 1520 2962 «501²
1583 2891 1652 2963 ἐν
1707 2889 1880 2964 ἔτεσι
1931 2892 2277 2991 τριάκοντα
2315 2893 2425 2964 καὶ
2459 2892 2659 2991 τρισὶν
2712 2890 3161 2965 ἑπτακαίδεκα

489 3022 608 3122 ἔτη
660 3026 911 3097 τούτων
981 3028 1439 3127 ἐτυράννησεν,
1515 3029 1962 3102 ὀκτωκαίδεκα
2015 3029 2091 3101 δὲ
2142 3033 2204 3101 οἱ
2256 3029 2515 3113 παῖδες,
2578 3033 2755 3102 ὥστε
2806 3030 2888 3102 τὰ
2940 3032 3162 3103 πάντα

496 3354 614 3399 nes
680 3333 858 3401 doeti
935 3336 1321 3421 (Oliuton
1401 3340 1474 3406 F.
1537 3340 1621 3403 Η.
1677 3339 1744 3404 Π
1797 3361 1857 3422 p.
1927 3338 2033 3422 18,
2112 3338 2545 3422 Unger-us
2590 3337 2632 3401 l.
2684 3338 2727 3406 l.
2774 3358 2837 3421 p.
2884 3336 3045 3417 386)
3088 3340 3158 3401 in

495 3422 804 3487 fraudem
881 3424 1150 3507 pellecti
1223 3430 1403 3513 sunt.
1501 3426 1941 3491 Scholiastam
2018 3427 2197 3490 enim
2245 3428 2519 3492 omnino
2567 3444 2699 3491 non
2748 3426 2831 3489 ad
2877 3426 3163 3509 Hippiae

493 3510 943 3591 tyrannidem,
1014 3512 1132 3575 sed
1205 3514 1288 3576 ad
1354 3514 1738 3577 universam
1782 3513 2353 3577 Pisistratidarum
2402 3512 2930 3577 dominationem
2976 3530 3160 3595 speo-

494 3601 694 3675 tasse,
745 3602 862 3680 qui
909 3600 1076 3662 haee
1121 3618 1274 3662 cum
1321 3598 1576 3663 scholio
1623 3601 1704 3663 ad
1757 3599 1952 3683 Vesp.
2008 3601 2137 3662 502
2181 3599 2535 3665 contulerit
2590 3602 2755 3663 satis
2786 3597 3152 3681 intelleget.

491 3678 690 3764 Quod
723 3686 1096 3748 rectissime
1127 3687 1263 3748 iam
1297 3686 1466 3749 vidit
1495 3686 2028 3751 Dindorfius.
2081 3687 2381 3766 Accedit,
2428 3686 2607 3769 quod
2645 3687 2865 3768 ipsum
2911 3684 3162 3749 Hero·

493 3768 534 3831 d
563 3770 694 3832 oti
772 3771 1224 3835 testimonium
1306 3772 1421 3852 (V,
1476 3774 1592 3852 55)
1667 3774 2019 3853 habemus,
2102 3774 2216 3855 qui
2290 3772 2575 3856 Hippiae
2618 3790 2753 3835 non
2799 3789 2974 3850 sex,
3043 3770 3161 3835 sed

489 3870 534 3937 q
561 3862 899 3920 uattuor
943 3876 1156 3922 annos
1204 3859 1523 3926 vindicat.
1591 3858 1838 3923 Scholii
1883 3860 2086 3941 igitur
2132 3878 2449 3923 numeros
2499 3860 2779 3942 turpiter
2818 3857 3161 3922 mutilatos

491 3958 642 4005 esse
690 3946 990 4026 sequitur
1051 3942 1273 4023 (velut
1340 3947 1408 4007 in
1469 3947 1863 4028 apographo
1932 3945 2278 4009 Claudii
2350 3945 2715 4008 Puteani
2762 3945 3167 4009 exhibentur

489 4028 728 4093 haece:
797 4029 898 4093 ἐπὶ
960 4027 1061 4111 ἔτη
1103 4034 1264 4116 τρία,
1311 4027 1376 4095 οἱ
1413 4033 1482 4095 δὲ
1525 4033 1610 4095 δα·
1666 4029 2012 4116 ἿΙρόδοτος
2054 4030 2152 4113 ς’).
2216 4030 2463 4114 Itaque
2492 4032 2673 4096 haud
2700 4033 2842 4095 seio
2865 4049 2951 4095 an
2998 4028 3163 4095 alie-

487 4133 651 4178 num
705 4117 788 4179 eit
835 4118 920 4181 ab
963 4124 1106 4181 erte
1151 4124 1402 4194 nostra,
1452 4120 1508 4182 si
1555 4136 1642 4182 ex
1686 4119 1937 4183 scholio
1984 4119 2329 4202 superiore
2375 4120 2667 4201 integros
2707 4135 3024 4183 numeros
3055 4118 3165 4181 hie

488 4201 950 4267 substituimus
999 4204 1147 4267 hos:
1203 4202 1304 4267 ἐπὶ
1348 4202 1450 4285 ἔτη
1494 4230 1546 4283 ν,
1594 4201 1656 4268 οἱ
1696 4206 1765 4269 δὲ
1805 4230 1916 4287 μα,
1948 4201 2295 4288 “Ηρόδ“οτος
2340 4206 2409 4269 δὲ
2446 4210 2540 4279 λς.

693 4287 766 4373 1)
813 4289 1278 4371 Meursius,
1341 4286 1738 4355 Pisistratus
1795 4312 1856 4375 p.
1905 4292 2033 4354 142
2094 4292 2264 4355 adeo
2324 4292 2411 4354 de
2473 4292 2919 4375 Aristophane
2964 4295 3163 4373 poeta

496 4376 840 4453 cogitavit,
889 4376 954 4440 id
989 4378 1169 4459 quod
1205 4394 1290 4440 ne
1319 4375 1734 4441 levissimam
1767 4377 2043 4461 quidem
2075 4380 2273 4443 habet
2303 4378 2793 4462 probabilitatis
2824 4378 3157 4442 umbram.

490 4458 950 4527 Clintonue
991 4464 1067 4527 F.
1099 4464 1182 4527 H.
1231 4462 1311 4545 11,
1361 4484 1422 4547 p.
1453 4464 1606 4545 218,
1697 4465 2189 4540 Fischerus,
2263 4464 2531 4531 Griech.
2580 4464 2841 4529 Zeittaf.
2890 4485 2956 4548 p.
3008 4464 3156 4546 135,

486 4545 890 4630 Ungerus
936 4550 981 4614 l.
1018 4550 1066 4613 l.
1104 4570 1166 4633 p.
1197 4550 1326 4613 390
1376 4552 1896 4634 Aristophanem
1943 4558 2175 4616 tenent
2220 4550 2646 4635 Byzantium,
2700 4550 3159 4615 Schneide-

491 4636 794 4714 winus,
845 4636 1184 4701 Heraclid.
1234 4637 1524 4720 politiar,
1573 4638 1814 4721 fragm.
1868 4660 1931 4723 p.
1984 4637 2068 4702 38
2114 4638 2411 4721 suppleri
2456 4637 2644 4701 iubet
2687 4637 2859 4701 adeo
2896 4636 3161 4718 Apollo-

491 4720 760 4790 dorum.
857 4723 1168 4807 Duppliei
1210 4742 1282 4786 se
1329 4722 1694 4789 maculavit
1739 4744 1963 4789 errore
2010 4722 2455 4791 Onekeniu
2476 4744 2529 4805 s,
2582 4724 3155 4787 Staatsl.d.Arist.

492 4826 552 4890 p.
607 4808 736 4870 ⁴62
793 4808 954 4872 adn.
1004 4814 1076 4875 4:
1170 4810 1522 4893 ,Dagegen
1583 4814 1668 4874 ist
1713 4830 1783 4875 es
1830 4813 1936 4877 ein
1991 4811 2366 4893 Vei-seben,
2424 4830 2619 4875 wenn
2669 4810 2791 4874 der
2832 4808 3162 4873 Scholiast

490 4913 570 4956 zu
640 4897 754 4958 Ar.
803 4896 1096 4980 Wespen
1168 4898 1296 4959 502
1366 4898 1476 4961 die
1551 4898 1751 4961 Ziffer
1811 4898 2262 4984 τεσσαράκοντα
2316 4902 2419 4961 καὶ
2462 4896 2528 4960 ἓν
2572 4897 2669 4961 als
2707 4896 3165 4980 Ἀριστοτέλους

491 4980 936 5045 bezeichnet.··
