4057 5790
176 3720 219 3742 ''
309 3739 377 3773 ε’·
498 3668 678 3781 ³31⁸!

342 3787 358 3807 ,
463 3787 500 3819 b.
565 3779 625 3815 μ,

335 3920 352 3952 r

177 4000 217 4033 ,ν
375 3976 432 4015 ,ιι
455 4000 467 4018 ,

325 4046 340 4077 ι
413 4043 430 4078 e

335 4154 487 4262 [m

529 3783 665 3877 ‘l

543 3908 788 4132 21!-

514 4142 684 4215 ΝΚ·

1976 565 2492 634 ...9ο-

1107 803 1206 878 At
1279 803 1556 898 dubito,
1635 828 1804 879 num
1881 805 2427 901 discrepantiam
2502 805 2577 878 in
2622 803 2955 895 Diogene
3030 804 3139 876 ita
3201 803 3569 898 explanari

895 941 1128 1036 liceat,
1186 948 1264 1016 ut
1313 939 1502 1014 Roh
1526 943 1724 1016 dius
1779 940 1970 1036 fecit,
2025 945 2147 1035 qui
2200 965 2307 1032 eo,
2374 943 2562 1034 quod
2607 940 3033 1038 Apollodori
3087 941 3567 1018 testimonium

896 1101 1143 1174 parum
1197 1087 1518 1156 accurate
1580 1103 1623 1154 a
1674 1080 2004 1172 Diogene
2062 1084 2487 1175 exscriptum
2546 1103 2703 1155 esse
2752 1081 3075 1174 coniecit,
3130 1101 3374 1156 omnes
3428 1079 3567 1154 sibi

810 1235 816 1243 ’
895 1217 1242 1292 enodasse
1290 1218 1573 1294 videtur
1625 1215 2115 1294 difficultates.

1094 1357 1286 1450 Quin
1324 1359 1535 1433 immo
1609 1358 2199 1453 proficiscendum
2250 1358 2325 1432 in
2378 1359 2489 1432 bis
2545 1357 2761 1432 rebus
2815 1347 3278 1432 restituendis
3312 1356 3403 1429 ab
3438 1355 3568 1449 eis,

896 1517 1078 1587 quae
1109 1497 1394 1587 cognita
1415 1496 1758 1570 habemus
1786 1503 1860 1571 et
1879 1502 2254 1592 comperta.
2285 1494 2540 1570 Refert
2558 1495 2921 1588 Diogenes
2946 1496 3303 1588 expressis
3334 1495 3569 1572 verbis

891 1634 1386 1724 gravissimum
1425 1634 1968 1727 Apollodori
2027 1636 2535 1727 testimonium,
2588 1656 2677 1708 ex
2710 1654 2849 1726 quo
2884 1633 2959 1706 id
2990 1634 3247 1726 ipsum,
3300 1633 3388 1708 de
3426 1653 3565 1723 quo

890 1771 1082 1846 inter
1136 1778 1474 1864 utrosque
1522 1779 1859 1863 ageretur
1919 1775 2171 1888 χωρίον
2225 1770 2934 1846 Atheniensibus
2995 1771 3340 1846 tributum
3402 1792 3561 1846 esse
3702 1841 3711 1846 -

891 1911 1294 1986 necessario
1366 1911 1661 2001 cogitur.
1717 1897 1740 2039 ‘K
1808 1909 2070 1986 Utrum
2126 1917 2362 1990 autem
2408 1911 2659 2009 χωρίον
2712 1909 2785 1982 id
2852 1909 3100 2004 fuerit,
3174 1910 3362 2000 quod
3438 1908 3567 1984 illo

889 2047 1082 2121 bello
1161 2049 1236 2120 in
1313 2049 1690 2122 discrimen
1786 2049 2091 2142 venerit,
2171 2069 2388 2140 supra
2466 2047 2793 2122 vidimus.
2860 2033 2871 2128 l
2928 2045 3297 2120 Habemus
3330 2053 3566 2139 ”prae-

886 2190 1086 2260 terea
1183 2187 1524 2260 disertum
1643 2185 2095 2262 Herodoti
2190 2187 2713 2279 testimonium,
2816 2186 3003 2258 unde
3101 2187 3331 2277 ipsum
3420 2183 3566 2260 Si-

889 2344 1146 2416 geum
1219 2323 1619 2399 Periandro
1697 2325 1968 2398 arbitro
2024 2322 2591 2400 Atheniensibus
2644 2324 3133 2398 adiudicatum·
3180 2345 3339 2397 esse
3392 2342 3569 2397 com·

819 2459 830 2475 ’
887 2467 1093 2553 paret
1147 2461 1240 2534 V.
1298 2464 1427 2536 95:
1537 2460 1914 2559 κατήλλαξε
1977 2460 2055 2532 δὲ
2117 2459 2274 2544 ὦδε,
2342 2455 2664 2555 νέμεσθαι
2724 2463 3076 2560 ἑκατέρους
3150 2461 3272 2560 τὴν
3316 2458 3567 2556 ἔχουσι·

885 2595 1219 2692 Σίγειον
1274 2599 1396 2693 μέν
1448 2623 1560 2670 νυν
1627 2597 1802 2671 οὕτω
1866 2597 2127 2695 ἐγένετο
2192 2600 2302 2672 ὑπ’
2350 2594 2901 2698 Ἀθηναίοισι.
3026 2599 3179 2675 Nec
3240 2599 3567 2676 Rohdius

881 2738 1035 2829 ipse
1091 2738 1262 2830 quin
1333 2736 1824 2830 Apollodorus
1877 2757 2031 2812 cum
2086 2737 2461 2814 Herodoto
2528 2739 2972 2814 consenserit
3025 2739 3327 2812 dubitat.
3408 2735 3567 2812 Hoc

883 2876 1270 2991 tenendum
1319 2881 1453 2951 est.
1583 2873 1734 2951 Iam
1809 2899 1982 2951 vero
2042 2877 2131 2951 ab
2186 2877 2315 2955 hac
2364 2900 2441 2951 re
2492 2878 2555 2953 si
2610 2879 2685 2951 in
2738 2877 3175 2952 illustranda
3219 2875 3568 2969 Diogenis

883 3017 1292 3090 narratione
1346 3016 1886 3109 proficiscimur,
1953 3016 2351 3107 Diogenem
2406 3017 2597 3091 inter
2650 3039 2727 3091 se
2782 3018 3176 3109 pugnantia
3228 3016 3562 3091 retulisse

883 3155 1212 3248 patescit.
1317 3152 1496 3227 Gum
1561 3155 1748 3227 enim
1803 3156 2052 3250 χωρίον
2118 3153 2323 3248 illud,
2408 3155 2600 3244 qnod
2643 3153 2965 3229 Pittacus
3018 3154 3570 3247 recuperaverit,

880 3293 972 3367 ab
1019 3316 1129 3386 eo,
1209 3293 1404 3383 qnod
1449 3291 1843 3366 Periander
1915 3264 2489 3368 Atheniensibus
2554 3292 2990 3387 attribuerit,
3068 3293 3353 3367 minime
3434 3293 3571 3366 dis·

877 3431 1072 3505 cerni
1127 3431 1355 3523 possit
1408 3429 1595 3521 apud
1643 3428 2069 3524 Diogenem,
2133 3430 2753 3506 Athenienses
2816 3432 3113 3505 arbitrio
3176 3431 3303 3505 illo
3387 3449 3571 3505 acce·
3626 3468 3633 3473 ·

881 3570 1070 3664 pisse
1111 3566 1637 3681 Achilleum‚
1677 3569 2077 3641 necessario
2114 3568 2296 3641 hinc
2330 3575 2642 3659 cogatur,
2692 3568 3120 3677 Hogautem
3162 3576 3407 3662 aperte
3446 3569 3573 3642 fal-

886 3730 1040 3783 sum
1089 3712 1222 3780 est.
1314 3674 1661 3797 *infringit
1715 3707 1935 3796 igitur
1988 3705 2355 3797 Diogenes
2405 3708 2559 3799 ipse
2614 3680 3573 3799 superioris-“sui‘testimonii

891 3824 1043 3845 Ἦ

745 3864 755 3884 “
886 3838 1113 3921 νίω.”
1157 3843 1408 3935 Itaque
1489 3862 1640 3918 cum
1690 3844 1764 3915 in
1819 3844 1972 3917 eius
2058 3846 2467 3919 narratione
2524 3845 2719 3919 solus
2776 3846 3131 3920 alteruter
3178 3846 3377 3923 locus
3428 3867 3574 3923 rec·

885 3990 1002 4079 tus
1056 3984 1286 4077 possit
1336 4004 1516 4070 esse,
1573 3985 1646 4056 in
1703 3987 1865 4055 utro
1921 3985 2293 4072 erraverit,
2352 3990 2569 4076 patet.

1106 4123 1474 4199 Accedunt
1527 4123 2047 4196 consentientia
2103 4113 2526 4197 ceterorum
2556 4124 2977 4215 scriptorum
3043 4123 3451 4197 testimonia
3508 4118 3578 4217 (a

887 4260 1086 4337 Βοὴ
1110 4262 1259 4333 dio
1314 4260 1596 4350 quidem
1653 4281 1947 4351 prorsus
2001 4255 2356 4357 neglecta)
2390 4260 2646 4350 quibus
2676 4258 3225 4335 Atheniensium
3264 4259 3462 4333 illam
3504 4270 3577 4331 et

885 4397 1489 4493 Mytilenaeorum
1543 4400 2100 4503 controversiam
2195 4420 2337 4473 non
2396 4397 2483 4472 de
2538 4398 2898 4491 Achilleo,
2980 4400 3107 4471 sed
3164 4399 3248 4472 de
3304 4396 3575 4488 Sigeo

888 4536 1134 4631 fuisse,
1191 4542 1437 4629 aperte
1475 4537 1880 4612 indicatur:
1939 4534 2341 4611 Scholiasta
2379 4537 2470 4610 ad
2505 4534 2832 4613 Aesch.
2876 4536 3103 4611 Eum.
3156 4536 3304 4609 398
3362 4526 3573 4605 Μυτι-

886 4673 1147 4772 ληναῖοι
1181 4674 1508 4770 ἐμάχοντο
1543 4674 1710 4773 πρὸς
1745 4667 2160 4772 Ἀθηναίους
2196 4675 2347 4773 περὶ
2380 4676 2645 4753 πόλεως
2686 4673 3014 4770 Σιγείου
3055 4697 3157 4766 sq.
3208 4674 3525 4750 Plutar
3551 4714 3578 4730 -

887 4814 1090 4887 chus
1121 4813 1208 4885 de
1241 4812 1417 4886 Her.
1451 4812 1613 4885 mal.
1639 4834 1696 4888 c.
1729 4815 1819 4884 15
1847 4808 2326 4905 Πολεμεόντων
2372 4812 2497 4912 γὰρ
2538 4808 2933 4911 Ἀθηναίων
2971 4812 3081 4883 καὶ
3109 4807 3581 4911 ΜυτιληναίωΛ

887 4950 1038 5057 περὶ
1073 4946 1396 5048 Σιγείου
1434 4973 1537 5047 sq.
1579 4949 1737 5024 Pol
1758 4972 2006 5045 yaen.
2068 4950 2125 5047 l,
2168 4952 2263 5024 25
2302 4946 2623 5031 Πιττακὸς
2657 4954 2767 5025 καὶ
2804 4948 3081 5050 Φρύνων
3122 4950 3579 5050 ἐμονομάχουν
