4057 5790
2031 577 2491 648 ...2.-

925 815 1142 909 μὲνων
1213 838 1369 889 esse
1447 824 1768 892 autumat
1842 817 2298 892 Plutarchus,
2412 816 2748 892 Solonem
2817 839 2955 890 una
3007 836 3160 890 cum
3214 816 3595 890 Pisistrato

813 991 824 1003 -
924 956 1012 1027 ad
1070 953 1435 1027 Goliadem
1483 954 1874 1046 profectum
1932 959 2177 1033 doloso
2232 958 2397 1030 inde
2434 958 2510 1029 in
2553 953 3021 1046 Megarenses
3083 956 3349 1046 impetu
3386 953 3590 1047 facto,

920 1088 1280 1164 Salamine
1333 1113 1490 1201 esse
1539 1092 1864 1183 potitum.
1974 1089 2056 1164 In
2104 1094 2335 1165 altera
2376 1095 2813 1186 narratione,
2874 1114 3053 1184 quae
3112 1114 3245 1164 usu
3289 1091 3589 1181 quodam

921 1234 1161 1302 vetere
1218 1229 1562 1320 probatur
1596 1228 2010 1322 Plutarcho,
2084 1251 2222 1302 uno
2280 1227 2543 1303 Solone
2601 1231 2775 1303 duce
2829 1229 3066 1302 insula
3119 1236 3589 1320 expugnatur.

1127 1367 1327 1459 Quae
1382 1370 1859 1460 narrationes,
1942 1371 2003 1441 si
2072 1377 2469 1460 temporum
2538 1370 2850 1442 rationes
2918 1375 3333 1463 spectamuS,
3414 1389 3591 1440 sum-

918 1526 1068 1577 mas
1151 1506 1392 1578 nobis·
1436 1506 1787 1596 praebent
1857 1504 2336 1579 difficultates
2443 1503 2870 1579 Plutarchus
2952 1508 3139 1577 enim
3209 1501 3589 1580 Salaminis

917 1645 1524 1735 expugnationem
1565 1646 1787 1718 multo
1838 1652 2002 1717 ante
2058 1642 2345 1732 Solonis
2398 1645 2889 1736 magistratum
2945 1642 3169 1734 ponit,
3238 1663 3444 1732 quem
3494 1644 3587 1715 ol.

919 1783 1091 1877 46‚3
1146 1808 1238 1847 ε
1302 1777 1538 1877 59413
1589 1783 1949 1856 archontis
2005 1805 2299 1855 munere
2350 1781 2661 1854 functum
2718 1802 2872 1854 esse
2926 1786 3205 1856 constat
3257 1776 3589 1878 (Sosioru-

914 1939 1025 1993 tes
1097 1921 1286 2012 apud
1343 1921 1558 2012 Diog.
1611 1919 1697 1994 L.
1756 1923 1787 1992 I
1839 1919 1896 2012 ξ’
1937 1917 2091 2018 62).
2122 1915 2175 2018 ¹)
2307 1919 2473 1992 Jam
2543 1941 2713 1992 vero
2787 1939 2940 1994 cum
3014 1917 3587 2006 Pisistratus

915 2057 1009 2130 ol.
1052 2059 1222 2150 63,1
1266 2083 1358 2123 =
1401 2059 1626 2145 528s7
1673 2059 1952 2130 demum
1987 2064 2283 2129 mortem
2323 2057 2607 2148 obierit,
2653 2057 2851 2130 nullo
2890 2063 3091 2148 pacto
3132 2057 3290 2133 fieri
3326 2064 3583 2149 potest,

901 2201 998 2266 'ut
1050 2197 1124 2266 in
1181 2194 1307 2267 illo
1362 2195 1552 2266 bello
1603 2195 1738 2266 iam
1792 2195 2087 2266 consilio
2142 2204 2221 2268 ac
2270 2192 2478 2268 factis
2547 2172 3015 2289 praestiterit.
3120 2195 3585 2268 Plutarchum

913 2335 1138 2423 igitur
1191 2333 1304 2407 hic
1353 2333 1543 2404 inter
1595 2353 1670 2403 se
1720 2332 2113 2423 pugnantia
2160 2332 2518 2425 retulisse,
2575 2339 2897 2428 apertum
2957 2340 3087 2407 est.

1125 2469 1262 2543 Cui
1317 2471 1837 2563 discrepantiae
1891 2469 2343 2544 foedissimae
2400 2478 2483 2544 ut
2539 2439 2997 2544 mederentur
3047 2471 3170 2544 alii
3225 2472 3433 2543 aliam
3485 2473 3587 2542 in—

909 2611 1138 2700 gressi
1193 2614 1359 2682 sunt
1411 2610 1620 2682 viam.

1119 2746 1828 2821 Westermannus
1906 2746 2137 2836 (Adn.
2211 2748 2301 2819 ad
2376 2746 2570 2819 Plut.
2638 2745 2787 2820 Sol.
2864 2743 2943 2842 8)
3003 2748 3355 2836 quondam
3398 2727 3586 2820 'tem-

913 2910 1162 2980 porum
1245 2858 1701 2960 difficultates
1774 2887 1881 2959 ita
1949 2886 2309 2959 dimovere
2381 2885 2679 2979 studuit,
2725 2893 2839 2958 ·ut
2886 2906 3045 2958 eum
3102 2884 3581 2971 Pisistratum,

909 3049 1116 3118 quem
1191 3025 1624 3099 Plutarchus
1700 3036 2224 3117 commemorat,
2300 3026 2587 3117 tyranni
2669 3048 2875 3097 avum
2954 3024 3175 3097 fuisse
3248 3032 3582 3097 sumeret.

908 3164 1051 3239 Sed
1105 3166 1424 3255 quamvis
1475 3162 1913 3239 Graecorum
1963 3186 2113 3238 mos
2160 3164 2256 3237 sit
2308 3129 2746 3249 tritissimis»,
2805 3166 3048 3254 nepoti
3101 3164 3289 3235 idem
3329 3185 3580 3235 nomen

907 3304 1121 3395 dare,
1207 3309 1418 3392 atque
1493 3322 1630 3373 avo
1704 3302 2007 3375 inditum
2087 3300 2361 3393 fuerat,
2448 3300 2981 3372 Westermanni
3056 3303 3295 3392 opinio
3346 3310 3583 3374 tamen

1105 3579 1177 3654 1)
1225 3576 1585 3640 Salaminis
1635 3578 1989 3659 occupatio
2037 3578 2241 3640 etiam
2277 3576 2453 3640 bello
2488 3574 2757 3639 Grisseo
2790 3572 3345 3658 Epimenidisque
3382 3576 3579 3637 Athe-

904 3683 1145 3728 narum
1195 3663 1572 3727 lustrationi
1615 3665 1987 3745 praemissa
2032 3670 2156 3726 est.
2252 3664 2427 3727 Hine
2482 3662 2683 3743 vulgo
2744 3660 2963 3745 ipsum
3023 3660 3181 3725 belli
3228 3660 3580 3723 Salaminii

905 3758 1171 3833 tempus
1218 3748 1560 3813 definitur:
1647 3750 2139 3812 Dunekerus
2187 3748 2270 3812 G.
2336 3750 2398 3814 d.
2460 3751 2538 3811 A.
2602 3744 2725 3810 vl⁵
2782 3769 2844 3829 p.
2909 3748 3057 3813 146.
3164 3748 3251 3809 At
3302 3748 3571 3810 iniuria.

897 3836 1162 3900 Bellum
1213 3834 1556 3901 Crisaeum
1601 3834 1692 3897 ol.
1741 3835 1898 3915 47,3
1941 3862 2028 3889 z
2074 3835 2201 3898 590
2246 3834 2523 3898 demum
2585 3835 2957 3898 confectum
3018 3852 3171 3897 esse
3216 3834 3580 3896 verisimile

897 3930 1036 3986 est:
1071 3923 1130 3986 N
1152 3923 1456 4001 iesius,
1499 3920 1750 3986 Hister.
1783 3921 2055 3985 Unters.
2092 3924 2174 3985 A.
2205 3921 2485 3985 Sehafer
2512 3921 2897 4002 gewidmet.
2952 3921 3143 3983 Bonn
3174 3920 3346 3983 1882
3367 3939 3435 4005 p.
3466 3920 3574 3983 16.

899 4010 1002 4071 De
1047 4009 1193 4092 ipso
1239 4008 1566 4072 archonte
1614 4024 1746 4072 non
1796 4014 2082 4071 constat.
2179 4006 2253 4070 In
2301 4007 2568 4089 Proleg.
2620 4006 2829 4070 schol.
2880 4006 3071 4070 Pind.
3117 4006 3315 4087 Pyth.
3350 4026 3413 4088 p.
3450 4004 3577 4067 298

894 4095 968 4158 B.
1021 4097 1239 4177 primo
1288 4094 1650 4176 Σιμωνίδης,
1700 4102 1842 4157 tum
1889 4096 2101 4177 Σίμων
2144 4094 2437 4158 affertur.
2533 4092 2609 4156 In
2656 4093 2747 4155 M.
2800 4093 2877 4156 P.
2923 4112 2978 4157 s.
3021 4112 3126 4177 ep.
3174 4090 3259 4155 37
3302 4093 3575 4156 exhibe-

893 4190 1002 4244 tur
1047 4180 1281 4263 Σίμων.
1373 4178 1982 4260 Landwehrius,
2034 4181 2149 4262 qui
2195 4200 2410 4263 nuper
2454 4178 2721 4263 (Philol.
2758 4179 2826 4243 S.
2874 4179 2942 4242 Β.
2978 4180 3059 4260 V,
3110 4178 3305 4263 1884,
3351 4199 3416 4261 p.
3450 4179 3578 4242 100

907 4268 1039 4349 sq.)
1087 4268 1361 4331 uberius
1404 4268 1490 4330 de
1537 4269 1664 4330 bae
1708 4284 1782 4330 re
1813 4266 2202 4349 disputavit,
2254 4267 2619 4331 admodum
2670 4264 2995 4330 dissolute
3036 4268 3105 4329 in
3158 4265 3577 4329 aestimanda

891 4354 1295 4417 auctoritate
1339 4352 1758 4435 singulorum
1819 4353 2353 4419 testimoniorum
2400 4360 2706 4417 versatus
2754 4360 2874 4415 est.
2925 4386 3012 4401 —
3056 4354 3207 4415 Jam
3260 4368 3417 4415 vero
3464 4370 3569 4431 ea,

889 4458 1065 4521 quae
1111 4440 1195 4503 de
1241 4438 1770 4523 Epimenide·
1799 4436 2046 4504 tradita
2088 4446 2267 4523 sunt,
2320 4443 2596 4505 omnino
2633 4439 2717 4501 ad
2756 4445 2973 4502 certos
3017 4457 3235 4502 annos
3267 4439 3573 4500 revocari

893 4530 1258 4608 nequeunt.
1365 4527 1466 4589 De
1533 4528 1678 4590 eius
1741 4545 2028 4609 persona
2087 4525 2552 4590 diversissima
2620 4525 2717 4587 his
2784 4525 3195 4607 temporibus
3262 4526 3571 4605 augurati

887 4621 1082 4675 sunt:
1160 4612 1607 4676 Hillerus
1662 4612 1748 4675 M.
1805 4612 1930 4677 Rh.
1981 4610 2303 4693 XXXIII,
2366 4634 2429 4695 p.
2480 4613 2612 4675 525
2666 4630 2762 4693 sq.
2856 4610 3244 4674 Rohdius
3299 4610 3365 4672 Μ
3436 4609 3562 4674 Rh.

889 4697 1193 4761 XXXIII
1215 4719 1281 4781 p.
1309 4698 1440 4761 208
1461 4716 1562 4781 sq.
1615 4698 1956 4763 Niesius
1980 4698 2028 4761 l.
2058 4698 2107 4761 1.
2136 4718 2199 4781 p.
2227 4702 2311 4761 12
2336 4718 2437 4781 sq.
2484 4698 2800 4762 Loeseh
2827 4698 3100 4774 ckius,
3152 4698 3279 4760 Die
3304 4696 3569 4759 Ennea·

887 4785 1421 4867 krunosepisode
1447 4786 1554 4849 bei
1578 4784 1780 4848 Paua.
1811 4784 2018 4867 Dorp.
2050 4784 2219 4848 1883
2243 4806 2311 4868 p.
2334 4788 2417 4848 23
2441 4804 2541 4868 sq.
2578 4782 2813 4847 Busol
2833 4784 2994 4847 tius
3020 4782 3135 4846 Gr.
3166 4782 3245 4846 G.
3271 4783 3303 4847 I
3324 4804 3389 4866 p.
3415 4784 3565 4846 509.

887 4870 1211 4935 Veterum
1237 4874 1640 4953 scriptorum
1672 4872 1758 4935 de
1787 4870 2188 4954 Epimenide
2222 4871 2607 4935 testimonia
2651 4868 2823 4933 satis
2846 4869 3200 4952 diligenter
3231 4872 3569 4952 congessst

849 4950 1521 5037 'Schultessius,
1587 4956 1692 5019 De
1753 4956 1976 5039 Epim.
2042 4956 2262 5023 Crete.
2317 4958 2594 5022 Bonnae
2650 4954 2841 5036 1877,
2916 4974 3123 5039 supra
3168 4957 3557 5023 nihilfecit.
