4057 5790
1569 628 1646 638 --
1781 582 2093 658 73.-

490 784 704 883 huius
800 807 1083 884 fabulae
1175 806 1400 882 forma
1481 813 1632 899 est,
1730 813 2275 882 commemorata
2358 808 2771 900 illaquidem
2858 814 2997 890 iam
3084 815 3174 887 ab

493 951 680 1020 Aes
712 969 746 1023 c
777 948 880 1020 hi
913 969 1024 1019 ne
1106 951 1390 1019 oratore
1420 942 1493 1044 ¹).
1604 944 1753 1019 Iam
1831 969 2000 1022 vero
2058 968 2211 1023 cum
2292 949 2353 1021 is
2405 925 2639 1024 medio
2687 947 2837 1022 fere
2896 952 3185 1032 saeculo,

493 1093 747 1180 quarto
839 1083 1322 1157 narrationem
1371 1083 1601 1155 'istam
1667 1084 1859 1157 inter
1923 1082 2246 1181 ἀρχαίους
2314 1082 2568 1179 μύθους
2668 1091 3173 1182 numeraverit,

499 1226 656 1299 eius
711 1224 1055 1316 originem
1119 1223 1227 1294 vix
1284 1221 1370 1294 ad
1425 1230 1752 1312 quartum
1805 1223 1920 1296 vel
1966 1225 2289 1314 quintum
2355 1225 2713 1314 saeculum
2776 1228 3175 1302 reiciemus.

493 1361 744 1454 Neque
793 1363 865 1434 id
916 1382 1095 1452 opus
1147 1366 1279 1436 est.
1393 1359 1569 1433 Cum
1638 1362 1826 1434 enim
1884 1362 2077 1435 inter
2140 1361 2623 1442 Athenienses
2678 1370 2753 1436 et
2802 1365 2995 1456 ipsas
3049 1341 3178 1439 has

493 1503 676 1576 circa
760 1498 1170 1591 Strymonis
1247 1499 1508 1572 ostium
1573 1499 1904 1590 regiones
1965 1501 2104 1572 iam
2172 1501 2393 1576 multo
2465 1507 2630 1574 ante
2694 1524 2779 1574 ea
2855 1509 3179 1596 tempora

494 1640 810 1713 rationes
873 1636 1371 1712 intercessisse
1426 1637 1930 1731 acceperimus,
1987 1638 2312 1729 equidem
2367 1660 2506 1712 non
2564 1640 2809 1732 video,
2861 1660 2984 1715 cur
3038 1664 3179 1715 non

493 1777 706 1851 etiam
796 1775 1008 1849 huius
1105 1775 1388 1848 fabulae
1483 1775 1871 1870 primordia
1971 1777 2188 1850 altius
2252 1783 2687 1872 repetamus,
2754 1782 3177 1871 praesertim

493 1935 644 1989 cum
707 1935 792 1986 ea
845 1933 1001 1989 cum
1061 1913 1302 1988 fabula
1354 1914 1663 1987 Troiana
1708 1915 2252 1988 necessitudinis
2294 1917 2572 1990 vinculo
2613 1923 2766 1990 arte
2804 1919 3180 1995 coniuncta

495 2054 610 2128 sit.
693 2050 950 2125 Refert
985 2058 1220 2126 autem
1250 2051 1666 2126 Herodotus
1718 2051 1811 2144 (I.
1848 2050 1973 2150 64)
2025 2054 2165 2125 iam
2216 2053 2755 2148 Pisistrato,
2793 2057 3178 2131 Athenien·

498 2193 680 2266 sium
735 2197 1044 2285 tyranno
1091 2189 1479 2287 ἐπικούρους
1534 2189 1823 2266 πολλοὺς
1875 2191 1984 2261 καὶ
2019 2192 2387 2288 χρημάτων
2428 2192 2738 2270 συνόδους
2787 2193 2920 2266 ἀπὸ
2966 2192 3211 2292 Στρυ-.

498 2331 695 2424 μόνος
741 2333 1047 2424 ποταμοῦ
1103 2328 1486 2402 affluxisse.
1593 2327 1968 2403 Herodoto
2020 2327 2221 2422 (VII.
2280 2291 2457 2429 11'3)
2516 2332 2655 2422 ipsi
2724 2337 2803 2404 ut
2866 2334 3178 2423 regionis

494 2490 750 2542 nomen
806 2462 1048 2543 Φυλλίς
1083 2473 1327 2540 notum
1365 2466 1521 2554 fuit,
1559 2469 1662 2541 ita
1696 2465 2008 2540 fabulam
2060 2469 2278 2541 etiam
2330 2469 2419 2541 ad
2461 2469 2657 2541 illam
2697 2471 3174 2562 pertinentem

492 2605 890 2680 innotuisse
951 2612 1148 2698 puto.

699 2741 848 2817 Iam
921 2765 1093 2817 vero
1149 2717 1230 2818 ut
1296 2742 1638 2836 Acamas,
1720 2745 1823 2816 ita
1872 2742 2401 2836 Demophon
2463 2765 2775 2838 quoque,
2854 2747 3038 2819 alter
3092 2769 3179 2821 ex

497 2882 760 2957 Thesei
819 2882 1027 2976 filiis,
1093 2883 1453 2957 veteribus
1515 2882 1946 2957 carminibus
1987 2882 2309 2960 ‘heroicis
2358 2906 2653 2976 prorsus
2706 2884 2990 2976 ignotus
3042 2893 3177 2963 est.

501 3020 934 3096 Recentiore
990 3027 1226 3095 aetate
1283 3022 1494 3096 etiam
1541 3022 1726 3095 hunc
1777 3023 1870 3095 ab
1924 3023 2103 3113 ipsis
2156 3014 2723 3097 Atheniensibus
2772 3026 2847 3097 in
2898 3025 3175 3100 fabulas

503 3161 850 3235 Troianas
903 3162 1248 3235 insertum
1300 3182 1482 3255 esse,
1536 3162 1712 3233 satis
1777 3162 2227 3255 conspicuum
2299 3169 2433 3236 est.
2567 3161 2875 3255 Propria
2916 3162 3174 3238 Demo·

495 3299 780 3391 phontis
835 3301 1034 3391 origo
1090 3322 1178 3373 ex
1231 3298 1694 3373 Eleusine
1757 3301 2177 3393 repetenda.
2288 3300 2657 3389 Habemus
2706 3303 3021 3393 priscam
3075 3302 3173 3375 fa-

701 3590 770 3674 1)
859 3592 1011 3657 Non
1063 3593 1169 3671 (ut
1196 3590 1592 3656 Rohdius
1623 3591 1808 3655 G.R.
1831 3611 1892 3674 p.
1919 3592 2365 3676 38exposuit)
2394 3596 2743 3659 Acamas
2794 3600 2858 3659 et
2886 3594 3173 3661 Demo-

493 3680 589 3763 ph
613 3695 652 3742 ο
673 3698 713 3741 n
764 3680 830 3741 in
874 3679 970 3742 his
993 3678 1242 3743 fabulis
1270 3684 1520 3743 temere
1551 3681 1727 3743 inter
1750 3696 1824 3743 se
1848 3678 2071 3743 solent
2095 3681 2436 3762 confundi,
2488 3681 2603 3745 sed
2632 3685 2795 3745 satis
2826 3684 3175 3766 perspicue

495 3766 940 3830 demonstrari
987 3769 1228 3849 potest,
1302 3771 1499 3829 antea
1546 3784 1754 3829 unum
1805 3765 2251 3830 Acamantem
2296 3771 2365 3829 in
2413 3768 2515 3832 his
2561 3766 2825 3833 fabellis
2871 3769 3175 3834 domina·

496 3856 633 3915 turn
683 3869 854 3935 esse,
908 3857 1140 3935 postea
1187 3850 1459 3915 demum
1531 3887 1608 3899 —
1683 3857 1750 3914 ut
1793 3852 2064 3916 videtur
2108 3871 2226 3937 per
2269 3858 2502 3937 poetas
2549 3854 3046 3920 Alexandrinos
3092 3888 3175 3903 --

489 3938 1030 4021 Demophontem
1094 3939 1162 4001 in
1237 3942 1448 4003 totum
1526 3936 1714 4001 illum
1787 3938 2163 4003 fabularum
2234 3960 2475 4023 gyrum
2522 3941 2889 4024 irrepsisse.
2984 3940 3175 4025 Quae

489 4028 893 4109 posteriores
961 4024 1320 4108 scriptores
1393 4024 1476 4088 de
1541 4026 2032 4107 Demophontis
2094 4033 2161 4090 et
2206 4025 2536 4108 Phyllidis
2583 4044 2814 4093 amore
2861 4046 3173 4093 narrave-

495 4117 651 4175 runt
695 4112 779 4175 ad
810 4108 1126 4175 Gallim
1147 4112 1328 4175 achi
1352 4109 1551 4175 Aetia
1581 4111 1799 4176 redire
1830 4110 2051 4177 Rohd
2079 4113 2207 4191 ius
2250 4112 2295 4176 l.
2316 4112 2364 4177 l.
2392 4134 2455 4196 p.
2480 4113 2604 4178 474
2631 4116 3003 4179 rectissime
3026 4134 3173 4199 per-

495 4199 716 4282 spexit
743 4197 1288 4281 enucleatiusque
1313 4202 1462 4280 post
1494 4216 1646 4263 eum
1683 4198 2173 4263 demonstravit
2220 4200 2691 4265 Knaackius
2726 4202 2947 4283 (Anal.
2983 4201 3177 4267 Alex.

493 4284 690 4353 Rom.
733 4304 798 4368 p.
849 4285 934 4348 29
979 4280 1124 4368 sq.).
1218 4283 1322 4347 Ex
1357 4283 1598 4349 eadem
1632 4286 1759 4351 hac
1788 4286 2224 4351 translatione
2254 4288 2400 4351 sine
2433 4286 2637 4351 dubio
2670 4285 3169 4370 explicandum,

495 4373 674 4453 quod
725 4371 902 4454 apud
950 4372 1234 4435 seriores
1282 4373 1642 4455 scriptores
1688 4372 1892 4436 etiam
1935 4373 2273 4437 Laodicen
2322 4392 2473 4437 cum
2525 4374 2993 4458 Demophonte
3032 4394 3177 4439 rem

496 4458 814 4523 habuisse
846 4458 1168 4540 scriptum
1197 4456 1518 4537 est(P1ut.
1553 4456 1900 4543 Thesffl).
1927 4460 1981 4523 A
2003 4461 2372 4524 eschinis
2419 4462 3049 4526 commentatori
3077 4480 3177 4526 re-

503 4546 757 4610 centior
789 4546 956 4619 haec
993 4544 1264 4636 fabulae
1294 4547 1733 4610 conformatio
1759 4545 1905 4610 sola
1927 4547 2215 4611 innotuit
2241 4548 2330 4609 ita
2387 4565 2469 4610 ue
2501 4548 2773 4623 factum,
2804 4554 2877 4611 ut
2900 4548 3176 4631 scripto-

491 4651 634 4696 rem
667 4651 865 4696 suum
897 4650 1050 4695 cum
1076 4632 1460 4713 castigaret,
1487 4634 1633 4714 ipse
1657 4633 2003 4697 aberraret
2023 4652 2065 4695 a
2091 4650 2273 4697 vero.
2338 4565 2536 4715 {Quod
2585 4634 2786 4698 adicit
2814 4635 3180 4699 scholiasta

495 4720 592 4801 (p.
636 4718 720 4781 49
761 4717 1004 4798 Dind.)
1096 4718 1552 4800 Demophonti
1614 4738 1700 4782 ex
1752 4719 2064 4801 Phyllide
2128 4720 2567 4784 Acamantem
2630 4725 2695 4783 et
2742 4720 3176 4804 Amphipolin

496 4804 670 4869 filios
705 4822 856 4869 esse
889 4809 1107 4886 natos,
1159 4804 1225 4865 id
1273 4805 1410 4867 iam
1455 4804 1538 4868 ad
1589 4805 1933 4887 Hagnonis
1981 4805 2451 4871 deductionem
2500 4807 2839 4890 pertinere
2886 4809 3173 4889 videtur,

500 4910 650 4955 cum
700 4892 806 4955 hic
850 4892 1090 4955 veteris
1123 4890 1254 4955 loci
1287 4888 1781 4955 nomen'Em‘a
1809 4888 1942 4957 ὃδοι
1980 4894 2047 4957 in
2095 4893 2644 4975 Amphipolin
2676 4902 2977 4961 mutasse
3008 4896 3175 4961 fera·

503 4982 640 5041 tur:
691 4976 908 5042 Schol.
962 4978 1276 5042 Aeschin.
1327 4998 1396 5062 p.
1446 4976 1532 5041 48
1579 4976 1780 5061 Dind.
1833 4978 2161 5062 Polyaen.
2210 4978 2323 5047 v1.
2374 4980 2478 5043 53.
