4057 5790
1499 525 1638 612 '-
1746 559 2049 628 55-

463 813 830 879 summam,
929 802 1368 889 quapropter
1452 798 1714 872 totiens
1807 806 1880 871 et
1951 805 2094 872 tam
2169 800 2430 873 acriter
2507 808 2895 900 pugnatum
2970 813 3151 897 erat,

456 931 682 1034 ipsius
747 927 1252 1006 Salaminis
1304 933 2104 1026 expugnationem,
2152 953 2304 1008 cum
2358 943 2553 1010 certo
2590 938 2829 1028 aliquo
2863 940 3147 1013 nomine

465 1074 634 1143 tunc
688 1071 1031 1162 temporis
1085 1093 1225 1144 non
1281 1069 1498 1144 fuisse
1572 1066 2049 1146 coniunctam.
2173 1069 2361 1145 Sunt
2438 1094 2526 1144 ex
2604 1075 3147 1170 recentioribuS‚

459 1207 582 1296 qui
635 1208 1126 1282 Pisistrato
1178 1209 1362 1282 haue
1415 1209 1712 1300 gloriam
1769 1209 2194 1286 attribuant.
2224 1207 2269 1300 Ι)
2347 1207 2493 1284 Sed
2542 1185 2757 1284 nemo
2814 1215 3147 1305 antiquus

466 1346 772 1438 scriptor
823 1345 1228 1432 Pisistrato,
1313 1348 1434 1437 qui
1516 1346 1796 1438 quidem
1869 1347 2064 1421 bello
2117 1346 2533 1439 Megarensi
2588 1349 2917 1424 interfuit
2974 1351 3147 1425 mul·

461 1490 674 1573 taque
711 1486 784 1556 in
813 1507 900 1558 eo
939 1485 1307 1577 praeclara
1356 1485 1668 1560 facinora
1721 1486 1978 1580 edidit,
2025 1487 2321 1579 ipsius
2370 1485 2733 1561 insulae
2788 1510 3144 1582 expugna·

469 1622 732 1696 tionem
787 1620 1278 1718 vi11dicavit.²)
1385 1622 1539 1698 Hoc
1619 1643 1792 1696 sane
1873 1623 2413 1715 respiciendum.
2521 1622 2761 1714 Atque
2809 1624 3147 1698 Pisistra-

463 1766 580 1834 tus
633 1777 784 1833 cum
817 1761 1260 1853 tyrannidem
1324 1760 1692 1836 adfectans
1747 1783 1864 1833 res
1916 1761 2110 1834 bello
2162 1762 2537 1852 praeclare
2588 1769 2827 1852 gestas
2876 1764 3147 1838 civibus

461 1895 841 1974 reduceret
890 1900 966 1970 in
1021 1900 1456 1992 memoriam,
1507 1897 2004 1973 Salaminis
2055 1899 2283 1991 ipsius
2332 1901 2940 1991 expugnationem
2996 1919 3143 1994 cur,

465 2056 752 2130 quaeso,
782 2038 1046 2128 pressit
1073 2037 1416 2113 silentio?
1462 2037 1915 2112 Herodoto
1971 2038 2127 2110 sola
2174 2034 2575 2110 Nisaeae
2624 2039 2991 2130 occupatio
3044 2040 3147 2111 in-

469 2177 724 2248 notuit.
833 2175 1036 2267 Quae
1088 2184 1472 2268 praeterea
1526 2177 1888 2268 praestitit
1937 2175 2403 2267 PisistratuS‚
2451 2176 2583 2249 hoc
2629 2175 2945 2250 facinore
2984 2197 3143 2269 pro·

458 2312 569 2386 cul
627 2312 840 2387 dubio
899 2311 1098 2387 fuero
1151 2315 1434 2387 minora
1482 2336 1712 2405 neque
1783 2335 2024 2388 earum
2111 2336 2350 2389 rerum
2405 2317 2813 2388 memoriam
2868 2333 3137 2388 conser-

459 2451 652 2524 vavit
710 2450 834 2524 ille
889 2452 1202 2543 quidem.
1311 2452 1748 2544 Quamquam
1815 2451 1990 2544 Bag
2013 2465 2435 2527 emannus
2506 2454 2799 2546 Quaest.
2866 2451 3015 2526 Sol.
3070 2451 3143 2525 11

458 2590 526 2678 'p.
586 2588 686 2660 12
731 2589 964 2662 inicit:
1047 2589 1376 2683 ‚Praeter
1427 2592 1604 2664 alias
1661 2597 1894 2664 autem
1953 2613 2071 2691 res
2144 2589 2506 2685 Nisaeam,
2590 2589 3135 2682 Megarensium

455 2727 844 2819 emporium
883 2749 1042 2800 eum
1083 2731 1352 2820 cepisse
1389 2727 1702 2802 affirmat
1755 2727 2261 2822 (Herodotus),
2317 2729 2504 2820 quod
2538 2751 2777 2802 ⁴unum
2822 2729 3135 2800 omnium

459 2864 1098 2957 praeclarissimum
1145 2867 1546 2943 arbitratur
1595 2869 1733 2953 ita,
1801 2873 1880 2941 ut
1935 2867 2369 2941 Salaminem
2418 2867 2643 2959 ipsam
2709 2867 2863 2939 eius
2919 2871 3139 2959 opera

459 3002 1011 3079 Atheniensium
1085 3003 1345 3081 factam
1417 3028 1598 3093 esse,
1681 3028 1822 3081 non
1905 3007 2315 3081 addiderit!-
2418 3005 2521 3079 At
2592 3006 2805 3079 valde
2862 3007 3136 3099 dubito,

457 3163 624 3214 num
669 3144 772 3216 ita
839 3143 1228 3219 arbitratus
1283 3144 1379 3217 sit
1423 3142 1839 3217 Herodotus
1915 3164 2043 3217 nec
2124 3143 2329 3217 video
2393 3143 2579 3217 unde
2634 3142 3135 3235 Begemannus
3216 3124 3239 3143 ⁸
3326 3146 3337 3160 '

459 3278 588 3355 hoc
646 3281 1036 3356 resciverit.
1129 3280 1274 3375 Qui
1328 3279 1836 3357 Salaminis
1892 3282 2433 3377 expugnationis
2486 3282 2909 3355 mentionem
2968 3280 3139 3357 fecit

458 3419 874 3491 Iustinus
923 3420 1155 3511 (cuius
1209 3421 1691 3495 narrationem
1738 3422 1814 3494 in
1869 3422 1999 3495 hac
2058 3427 2261 3513 parte
2314 3421 2491 3495 adeo
2544 3420 2633 3493 ad
2686 3417 2955 3493 fontem
3003 3418 3135 3492 At-

459 3558 668 3629 ticum
701 3558 938 3631 redire
981 3558 1458 3631 demonstrari
1497 3562 1767 3650 potest)
1821 3558 1994 3631 nihil
2054 3558 2217 3647 nisi,
2272 3558 2529 3629 devictis
2584 3552 2869 3631 hostibus
2924 3556 3133 3627 Sala-

655 3917 726 3992 1)
775 3913 1503 3980 Wilamowitzius
1562 3917 1760 3981 Hom.
1814 3916 1975 3981 Unt.
2023 3936 2095 3999 p.
2132 3916 2290 3979 250:
2386 3914 2505 3995 ,Es
2552 3917 2638 3978 ist
2684 3914 3129 3980 mittlerweile

458 4001 877 4085 festgestellt‚
931 4001 1085 4067 dass
1132 4002 1512 4067 Pisistratus
1547 4003 1654 4067 die
1697 4002 1870 4070 Insel
1916 4004 2039 4066 mit.
2070 4002 2188 4066 des
2222 3999 2599 4069 Seliwertes
2631 3998 2967 4070 Schneide
2999 4001 3129 4066 den

457 4088 834 4171 Megarern,
863 4088 1052 4152 ihren
1099 4088 1624 4170 rechtmassigen
1665 4090 2030 4171 Besitzern,
2083 4106 2486 4169 genommen
2522 4088 2693 4152 hat.‘
2750 4084 3150 4175 His‘verbis·

457 4176 760 4239 nituntur
804 4193 981 4257 quae
1029 4175 1077 4238 B
1102 4175 1286 4239 usol
1311 4177 1476 4239 tius
1521 4176 1728 4239 habet
1761 4174 1876 4239 Gr.
1902 4175 1981 4239 G.
2017 4174 2049 4237 I
2079 4196 2143 4257 p.
2175 4176 2300 4238 546
2336 4175 2417 4238 A.
2448 4176 2509 4237 6.

654 4262 720 4343 2)
764 4260 938 4325 Nam
975 4262 1152 4344 quod
1203 4261 1380 4344 apud
1425 4261 1968 4326 Plutarchum
2012 4259 2150 4328 Sol.
2187 4261 2229 4323 8
2276 4260 2359 4323 de
2394 4258 2755 4327 Salaminis
2784 4278 3129 4343 expugna·

460 4347 640 4411 tiene
686 4353 1020 4428 narratur,
1073 4346 1240 4411 nihil
1271 4364 1444 4429 esse,
1497 4349 1624 4411 nisi
1663 4348 1987 4411 Pisistrati
2023 4354 2437 4428 strategema
2463 4346 2996 4411 Eleusiniam
3042 4348 3125 4411 ad

453 4432 768 4499 Solonem
817 4433 1242 4516 translatum,
1293 4438 1600 4517 apertum
1633 4439 1754 4499 est.
1801 4434 1946 4499 Neo
1989 4432 2369 4498 Niesium
2416 4433 2482 4495 id
2533 4435 2782 4515 fugisse
2812 4434 3125 4497 arbitror.

453 4517 692 4603 Itaque
713 4522 968 4601 fingere
996 4538 1276 4603 nequeo,
1314 4538 1676 4604 quamnam
1724 4522 2361 4605 oppressionem
2394 4518 2801 4584 intellexerit
2831 4520 2944 4583 ille
2976 4540 3127 4585 eum

453 4604 499 4669 l.
547 4607 594 4671 l.
667 4627 730 4689 p.
777 4608 856 4670 24
925 4607 1207 4671 diceret:
1302 4608 1454 4687 ,Mit
1527 4607 1747 4672 dieser
1810 4605 2601 4689 Ueberrumpelung
2666 4624 2815 4670 von
2894 4606 3127 4671 Sala·

451 4694 602 4759 mis
648 4694 912 4775 begann
950 4696 1057 4759 ein
1095 4694 1299 4775 Krieg
1327 4711 1546 4775 gegen
1577 4694 1877 4775 Megara,
1915 4694 2034 4758 der
2064 4694 2155 4757 im
2190 4694 2467 4756 wei'tern
2505 4690 2787 4760 V-erlaut‘
2807 4693 2976 4759 auch
3011 4714 3129 4757 zur

451 4776 855 4861 Etoberung
923 4798 1054 4847 von
1103 4779 1351 4845 Nisaea.
1415 4780 1626 4843 durch
1691 4780 2077 4845 Pisistratus
2123 4778 2391 4843 ruht-te}
2486 4778 2813 4846 Pisistrati
2868 4779 3127 4843 facinus

452 4863 610 4929 Ele
631 4868 812 4931 usin
833 4868 1016 4947 ium,
1080 4873 1154 4932 ut
1183 4868 1272 4931 sit
1301 4885 1407 4931 res
1433 4867 1750 4933 historiae
1777 4868 1910 4931 tide
1931 4866 2394 4949 comprobata,
2426 4864 2511 4931 ad
2562 4865 2660 4931 Sa
2680 4864 2985 4931 lamina
3030 4868 3146 4931 im·

452 4950 670 5017 sulam
716 4971 1141 5037 nequaquam
1189 4954 1498 5037 pertinet.
2549 4980 2557 4991 ·
