4057 5790
1931 575 2012 590 --
2138 535 2489 608 122-

868 776 1172 871 dyattes,
1220 774 1580 871 Alyattes,
1648 775 1960 852 Croesus
2015 777 2261 878 cuncti
2310 775 2459 851 170
2510 799 2771 852 annos
2818 785 3147 870 regnant.
3244 779 3436 857 Hinc
3486 783 3551 855 si

869 920 902 986 t
927 935 968 987 r
993 935 1034 986 e
1065 936 1100 987 6
1150 914 1348 1006 11106,
1403 937 1580 1006 quos
1634 914 1905 990 Croeso
1955 916 2149 990 ultro
2196 923 2648 992 concesserat
2697 914 2985 1010 Pythia,
3036 939 3263 993 annos
3317 920 3553 994 detra-

869 1053 1124 1144 himus,
1185 1054 1328 1125 167
1385 1057 1586 1127 611111
1636 1054 2068 1147 efficiuntur,
2120 1056 2194 1130 h.
2224 1077 2287 1128 6.
2316 1056 2392 1128 111
2440 1059 2745 1148 spatium
2798 1057 3165 1148 temporiS‚
3220 1059 3413 1152 quod
3460 1081 3552 1132 ex

870 1192 1110 1283 priore
1162 1183 1293 1264 fati
1345 1192 1667 1266 consulto
1693 1191 2235 1268 Mermnadibus
2286 1193 2719 1267 destinatum
2775 1198 2953 1267 erat.
3056 1193 3211 1268 Iam
3263 1217 3431 1270 vero
3487 1199 3551 1270 si

869 1351 1065 1403 more
1117 1328 1534 1406 Herodoteo
1586 1333 1888 1424 singulis
1935 1334 2251 1424 quinque
2302 1325 2591 1405 illor'um
2656 1352 2996 1423 generum
3054 1335 3150 1406 33
3168 1328 3265 1428 ²ls
3324 1354 3549 1410 annos

867 1467 1271 1561 tribuimus,
1353 1475 1604 1546 cuncta
1639 1488 1652 1494 ·
1685 1472 1834 1543 166
1852 1467 1960 1567 ²ls
2015 1492 2243 1546 annos
2320 1469 2437 1543 vel
2514 1470 2917 1545 summatim
2998 1472 3545 1564 comprehensos

871 1607 1022 1680 167
1103 1605 1500 1706 efficiunt.¹)
1605 1609 1750 1702 Qui
1830 1629 2221 1685 consensus
2304 1629 2475 1682 saue
2536 1609 2915 1682 admodum
3004 1617 3115 1684 est
3178 1611 3543 1687 mirificus.

870 1743 1212 1819 Cernitur
1263 1752 1498 1820 autem
1552 1747 1718 1823 hinc
1771 1748 2071 1841 liquido,
2122 1749 2390 1841 inipso
2436 1748 2665 1821 veteri
2714 1747 3008 1824 oraculo
3058 1755 3339 1842 tempus
3392 1772 3543 1825 non

868 1886 960 1959 ad
1012 1887 1410 1981 proleS,
1487 1886 1616 1959 sed
1685 1887 1778 1960 ad
1853 1851 2249 1978 genera
2322 1885 2543 1960 fuisse
2606 1883 3084 1981 definitum.2)
3190 1885 3346 1965 Nec
3402 1909 3545 1962 non

873 2021 1178 2117 Pythiae
1235 2026 1753 2116 testimonium,
1825 2021 2172 2098 Croesum
2226 2023 2458 2098 tribus
2508 2023 2715 2096 annis
2770 2020 3039 2121 ὕστερον
3092 2029 3212 2123 τῆς
3261 2049 3542 2124 πεπρω-

867 2161 1084 2259 μένης
1123 2164 1424 2256 imperio
1477 2165 1832 2239 deiectum
1879 2183 2065 2256 esse,
2116 2162 2246 2235 tali
2280 2164 2487 2237 modo
2516 2163 3082 2238 luculentissime
3110 2163 3541 2259 illustratur,

865 2322 1048 2392 quae
1127 2301 1367 2393 verba,
1441 2303 1584 2375 nisi
1651 2308 1938 2394 ,tempus
2017 2300 2200 2372 illud
2277 2301 2497 2375 certis
2549 2301 2879 2374 terminis
2932 2303 3541 2399 circumscriptum

867 2439 1144 2526 fuisset,
1215 2462 1432 2514 sensu
1482 2461 1777 2534 prorsus
1847 2435 2271 2536 carerent.³)
2370 2439 2581 2530 Quod
2634 2438 2849 2512 etiam
2900 2439 3188 2513 aliunde
3232 2459 3549 2534 compro-

867 2579 1102 2653 batur.
1209 2577 1468 2652 Exstat
1503 2579 1696 2652 enim
1727 2579 2119 2652 etiamnum
2149 2577 2657 2668 testimouium,
2708 2597 2795 2648 ex
2823 2576 3069 2649 eodem
3104 2576 3280 2672 fere,
3326 2586 3540 2670 atque

869 2715 1320 2789 Herodoti
1369 2717 1744 2806 historiae,
1799 2723 2122 2808 tempore
2174 2715 2681 2808 repetendum,
2732 2714 2855 2787 ubi
2909 2715 3217 2805 genuina
3267 2719 3542 2790 oraculi

869 2852 1098 2929 forma
1143 2860 1558 2931 conservata
1603 2862 1748 2930 est:
1833 2853 2257 2929 Nicolaus
2316 2853 2959 2929 Damascenus:
3020 2853 3104 2927 F.
3154 2853 3250 2927 H.
3310 2853 3400 2930 G.
3462 2855 3543 2929 II

869 3016 938 3086 p.
973 2994 1152 3067 385:
1209 2991 1368 3070 θεὸς
1411 2986 1462 3065 δ’
1525 2992 1834 3065 ἐκέλευσε
1883 2990 2153 3063 τοσόνδε
2203 2993 2567 3089 προειπὼν,
2616 2992 2713 3063 ὅτι
2762 2997 2897 3068 τοῖς
2938 2983 3413 3089 “Ηρακλείδαις
3452 2994 3546 3070 εἰς

869 3132 1270 3229 πέμπτην
1321 3130 1610 3227 γενεὰν
1662 3132 1809 3229 ἥκοι
1860 3136 2020 3207 τίσις
2070 3128 2260 3228 παρὰ
2311 3123 2761 3228 Μερμναὸῶν·
2860 3128 3081 3205 Cuius
3119 3133 3556 3208 narrationis

877 3270 1144 3345 fontem
1195 3272 1269 3342 111
1323 3271 1480 3362 ipsa
1539 3268 1855 3364 Lydia,
1929 3270 2219 3342 minime
2274 3289 2443 3343 vero
2494 3268 2803 3360 Delphis
2857 3270 3343 3360 quaerendum
3394 3292 3551 3345 esse

870 3409 1262 3483 rectissime
1315 3410 1456 3481 iam
1519 3408 1867 3484 indicavit
1920 3405 2425 3482 Schoenius
2478 3407 2615 3479 1.1.
2670 3430 2741 3500 p.
2782 3403 3047 3499 498.·⁴)
3148 3408 3337 3501 Quid
3386 3410 3553 3485 hinc

876 3547 968 3620 ad
1017 3568 1195 3641 eam,
1280 3567 1458 3638 quae
1511 3547 1704 3619 inter
1755 3544 2313 3618 Herodotum
2392 3551 2467 3618 et
2540 3544 2993 3620 Xanthum
3066 3546 3554 3623 intercesserit

877 3687 1222 3759 rationem
1278 3650 1656 3777 redundet,
1709 3684 1888 3758 adeo
1939 3681 2387 3757 manifestum
2434 3684 2606 3755 mihi
2636 3684 2921 3758 videtur
2956 3706 3139 3779 esse,
3195 3691 3279 3759 ut
3305 3686 3545 3781 mirer,

877 3826 989 3898 vel
1047 3846 1275 3916 nuper
1329 3846 1372 3897 a
1426 3824 1578 3896 viro
1631 3823 1836 3896 docto
1889 3822 2339 3895 adfirmatum
2386 3842 2584 3914 esse,
2633 3818 3011 3898 Nicolaum
3067 3825 3549 3899 narrationem

1087 4082 1162 4164 1)
1205 4079 1624 4147 Commoneo
1669 4080 1750 4145 ss
1795 4080 2014 4161 anuis,
2070 4096 2241 4163 quos
2282 4097 2596 4163 supremo
2626 4080 2771 4163 regi
2804 4079 3035 4147 tribuit
3064 4078 3551 4147 Herodotus

876 4170 960 4251 (I,
1010 4169 1127 4246 86)
1174 4167 1582 4251 respondere
1627 4168 1712 4231 15
1757 4185 1972 4231 6111106
2019 4166 2705 4250 chronographorum.

1087 4257 1164 4335 2)
1239 4254 1480 4318 Elueet
1543 4252 1654 4317 vel
1725 4254 1900 4335 hinc,
1980 4253 2049 4319 id
2124 4254 2305 4335 quod
2384 4254 2584 4317 etiam
2651 4251 2925 4318 aliunde
2966 4253 3133 4317 satis
3179 4258 3545 4337 comparet,

876 4343 1280 4408 Sardium
1326 4342 1900 4424 expugnationem
1946 4344 2185 4405 certo
2228 4339 2388 4404 olim
2438 4359 2616 4405 anno
2660 4342 2865 4405 fuisse
2910 4339 3340 4423 adscriptam.

1090 4430 1162 4507 3)
1208 4427 1760 4511 Budingerus
1827 4425 1972 4491 1.-·1.
2023 4448 2085 4511 p.
2136 4426 2262 4489 203
2310 4434 2478 4491 tres
2534 4426 2685 4492 illos
2732 4426 2985 4492 oraculi
3031 4445 3244 4491 annos
3294 4426 3546 4492 tribus

875 4514 1174 4581 Croesi
1218 4514 2001 4580 consultationibus
2050 4514 2471 4597 respondisse
2516 4514 2916 4599 suspicatur.

1092 4602 1170 4683 ll)
1217 4602 1428 4665 Aliter
1501 4602 1588 4663 de
1668 4600 1796 4664 hac
1865 4620 1939 4665 re
2013 4598 2333 4663 iudicavit
2379 4600 2893 4665 Benedictus
2942 4598 3071 4679 (De
3118 4598 3408 4664 oraculis
3454 4600 3541 4664 ab

877 4688 1221 4753 Herodoto
1270 4688 1830 4751 commemoratis.
1893 4688 2169 4750 Bonnae
2216 4684 2379 4750 1871
2431 4706 2497 4771 p.
2546 4688 2681 4769 21),
2732 4688 2847 4770 qui
2893 4684 3239 4749 oraculum
3285 4684 3455 4751 illud
3506 4704 3547 4750 6

877 4774 1338 4840 sacerdotibus
1429 4774 1883 4856 Delphicis
1957 4778 2110 4856 post
2184 4770 2413 4839 Croesi
2489 4775 2745 4838 exitum
2822 4774 3052 4837 fictum
3128 4776 3193 4835 et
3238 4791 3391 4837 cum
3430 4769 3548 4837 illo

876 4864 1155 4945 antiquo
1203 4861 1412 4945 Gygis
1458 4860 1756 4941 oracu10,
1840 4859 2019 4945 quod
2088 4861 2154 4921 in
2235 4861 2455 4941 priore
2532 4860 2711 4924 illius
2778 4858 3281 4924 vaticinationis
3359 4864 3547 4942 parte

879 4948 1058 5017 inest
1107 4950 1564 5029 coniunctum,
1615 4944 1864 5019 deinde
1909 4966 2031 5033 per
2068 4944 2413 5028 Lydiam
2462 4946 2886 5031 divulgatum
2928 4962 3079 5010 esse
3120 4944 3431 5011 coniecit.
