4057 5790
1533 645 1610 655 ..-
1747 601 2060 677 75..

460 853 629 945 quin
687 847 784 926 ad'
825 854 1110 928 easdem
1159 849 1438 926 fabulas
1494 857 1922 946 spectaverit
2003 853 2525 928 Herodotus
2596 851 2720 945 (V.
2765 853 2919 948 94),
2974 868 3130 926 cum

459 991 944 1076 Athenienses
981 1014 1174 1065 oram
1213 993 1408 1064 illam
1445 999 1692 1066 contra
1745 992 2221 1088 Mytilenaeos
2279 991 2743 1066 defendentes
2795 991 2885 1063 ad
2937 988 3131 1063 fabu-

458 1129 632 1204 laris
659 1128 1006 1204 historiae
1039 1136 1459 1221 argumenta
1490 1129 1890 1222 confugisse
1929 1133 2284 1226 expressis
2321 1130 2559 1203 verbis
2599 1128 3126 1203 testificaretur.

665 1268 1112 1361 Quamquam
1193 1289 1348 1342 cum
1432 1269 1589 1376 ipsa
1655 1269 2090 1342 coloniarum
2158 1270 2553 1345 Atticarum
2626 1269 2929 1342 historia
2992 1267 3131 1340 De-

459 1407 766 1501 mophon
816 1430 957 1480 non
1009 1415 1150 1481 tam
1205 1415 1357 1481 arte
1416 1409 1858 1483 consociatus
1915 1407 2087 1500 fuit,
2170 1430 2377 1498 quam
2449 1407 2673 1480 frater
2744 1408 2897 1480 eius
2956 1405 3133 1479 Aca-

458 1565 646 1616 mas:
730 1545 925 1619 cuius
999 1547 1336 1619 memoria
1415 1565 1569 1618 cum
1651 1547 1724 1618 in
1793 1539 1962 1637 'ipsa
2034 1553 2229 1618 terra
2293 1545 2536 1618 Attica
2588 1545 2954 1636 praeclaro
3004 1545 3155 1618 illo·

460 1679 980 1755 Clisthenis
1059 1705 1271 1774 opere
1343 1685 1417 1755 in
1474 1706 1680 1757 omne
1735 1690 2102 1776 posterum
2159 1691 2437 1779 tempus
2486 1684 2917 1778 perdurarit,
2980 1688 3125 1755 tum

459 1821 532 1890 in
581 1820 669 1894 iis
710 1842 990 1911 quoque
1026 1819 1312 1914 fabulis,
1365 1843 1544 1911 quae
1584 1823 1680 1894 ad
1725 1829 2059 1895 externas
2098 1823 2611 1898 vindicationes
2648 1820 3130 1913 pertinebant,

460 1959 724 2049 primas
779 1980 1061 2051 semper
1116 1979 1489 2052 occupasse
1547 1960 1829 2033 videtur
1867 1957 2268 2033 Acamas,
2380 1957 2676 2051 Spectat
2728 1960 2887 2046 huc,
2944 1959 3130 2049 quod

461 2117 688 2187 nuper
743 2098 1108 2170 inventum
1167 2105 1301 2188 est,
1359 2099 1782 2173 scholium
1841 2097 2453 2191 Euripideum,
2508 2100 2581 2168 in
2623 2119 2759 2186 quo
2802 2095 3129 2190 Dionysii

463 2233 952 2308 Chalcidensis
1023 2236 1376 2326 quoddam
1442 2238 1618 2310 satis
1674 2236 2287 2312 commemorabile
2346 2236 2432 2309 de
2491 2234 2879 2310 Acamanta
2934 2236 3132 2309 testi-

461 2375 768 2446 monium
851 2381 1209 2449 servatum
1284 2365 1504 2478 est2).
1639 2374 1914 2450 Narrat
1991 2377 2117 2448 ille
2200 2374 2665 2449 Acamantem
2744 2374 3129 2465 assumptis

457 2509 766 2585 Ascanio
830 2520 904 2585 et
969 2511 1469 2600 Sca-mandrie,
1541 2513 1834 2588 Aeneae
1905 2522 1978 2588 et
2046 2513 2379 2588 Hectoris
2448 2514 2655 2598 filiis,
2727 2533 2854 2607 per
2908 2518 3127 2586 totam

451 2646 601 2721 fere
659 2652 1017 2742 regionem
1067 2653 1444 2726 Troianam
1503 2675 1724 2743 usque
1781 2654 1869 2725 ad
1939 2653 2605 2726 Ascaniumlacum
2644 2651 2955 2725 colonias
2994 2650 3130 2724 col·

454 2786 747 2860 locasse.
855 2787 989 2862 Oui
1059 2790 1343 2864 fabulae
1410 2813 1588 2882 quae
1665 2794 1846 2864 ratio
1912 2792 2087 2863 insit
2156 2795 2354 2884 patet
2406 2811 2633 2879 neque
2688 2811 2733 2860 a
2784 2809 2954 2860 vero
3012 2789 3129 2860 ab·

403 2932 408 2937 ’
452 2928 720 3001 erravit
774 2931 896 3018 qui
951 2930 1293 3005 scholium
1350 2932 1575 3005 edidit
1641 2929 1879 3007 Schw
1901 2931 2282 3022 artziuS,
2336 2950 2489 3003 cum
2548 2929 2715 3000 inde
2772 2928 3130 3003 coniceret

453 3066 889 3140 narrationis
946 3069 1291 3160 originem
1363 3070 1438 3140 in
1518 3090 1602 3141 ea
1679 3074 2002 3159 tempora
2061 3064 2507 3139 referendam
2590 3084 2788 3154 esse,
2871 3062 3124 3154 quibus

451 3202 955 3279 Athenienses
1009 3213 1084 3279 et
1133 3205 1560 3299 Mytilenaei
1615 3206 1702 3278 de
1769 3207 1942 3297 ipsis
2000 3204 2145 3277 illis
2202 3201 2613 3294 regionibus
2662 3203 3132 3275 decertarent.

657 3342 967 3417 Omnino
1024 3346 1299 3436 priscae
1356 3344 1902 3419 Atheniensium
1975 3352 2129 3417 cum
2197 3344 2311 3415 his
2368 3342 2782 3433 regionibus
2838 3339 3131 3414 necessi-

761 3536 1064 3545 ——uwh-

449 3634 624 3705 inest
663 3636 728 3697 in
773 3636 994 3699 verbis
1023 3636 1409 3718 Aeschyleis
1453 3638 1631 3719 ipsis.
1725 3636 1918 3717 Quae
1979 3637 2157 3719 apud
2218 3636 2275 3699 'l
2296 3635 2807 3714 hueydidem
2850 3634 2969 3713 111,
3022 3635 3130 3695 50.

447 3723 562 3803 lv,
602 3722 706 3783 52.
741 3718 824 3780 75
855 3721 938 3783 de
977 3741 1093 3785 ora
1123 3722 1418 3786 Troiana
1449 3727 1696 3806 scripta.
1741 3728 1918 3806 sunt,
1971 3723 2057 3786 ad
2101 3723 2355 3785 seriora
2402 3726 2707 3832 tempora
2752 3722 3126 3801 pertinent.

655 3808 724 3886 1)
771 3805 943 3870 Μόὶ.
981 3806 1261 3872 Graux
1308 3829 1373 3891 p.
1395 3810 1559 3871 652·
1590 3804 2651 3883 ΛιονῦσιοςδὲοΧαλκιὸεὺςτόν
2684 3802 3132 3888 Ἀκάμαντα

449 3898 618 3979 παρὰ
651 3891 909 3957 ιΕλεὲνου
950 3900 1054 3956 καὶ
1091 3892 1379 3977 Ἀγχίσου
1423 3900 1568 3977 φησὶ
1613 3896 1718 3958 διὰ
1763 3898 1866 3973 τῆν
1907 3897 2059 3977 πρὸς
2100 3895 2407 3970 Λαοδίκην
2464 3892 2805 3971 οἰκειότητα
2819 3889 3134 4001 ,Σκαμάν-

446 3983 618 4064 δριον
661 3983 764 4043 τὸν
807 3977 1108 4063 ”Εκτορος
1174 3978 1458 4063 εἰληφότα
1553 3986 1655 4043 καὶ
1713 3976 2042 4043 Ἀσκάνιον
2106 3982 2208 4043 τὸν
2254 3978 2609 4059 Αἰνείου,ε
2580 3978 2959 4063 ἐπιχειρῆσαι
3024 3984 3135 4059 μὲν

423 4066 627 4129 ’Ἴλιον
648 4072 749 4129 καὶ
794 4064 1112 4173 Δάρδανον
1154 4066 1446 4148 τειχίζειν.
1478 4070 1599 4130 τῶν
1643 4066 1708 4129 δὲ
1744 4064 2098 4144 Ἀθηναίων
2143 4063 2321 4132 abra»
2362 4067 2924 4174 παραιτησαμένων,
2968 4088 3133 4142 τηνι-

442 4156 638 4215 καῦτα
684 4155 786 4232 τῆς
827 4150 1110 4233 ἐπιβολῆς
1155 4152 1695 4231 (Mendelssohn.
1743 4151 2062 4233 ἐπιβουλῆς
2119 4150 2176 4217 Ο
2224 4158 2291 4215 et
2336 4152 2595 4231 Schw.)
2641 4147 2989 4213 αποσταντα
3032 4173 3134 4229 της

449 4236 738 4319 Τρωάδος
771 4240 1052 4321 Γέργιθα
1080 4236 1680 4321 (Wilamowitzius.
1717 4242 1822 4320 γῆς
1852 4239 1901 4316 '1‘
1964 4242 2129 4301 u'va:
2175 4236 2232 4303 Ο
2266 4242 2332 4301 el.
2364 4236 2580 4302 Schw.
2594 4236 2613 4321 )
2659 4240 2765 4299 καὶ
2802 4234 3130 4321 Περκώτην

441 4330 546 4386 καὶ
581 4324 871 4399 Κολωνας
913 4329 1014 4385 καὶ
1065 4323 1304 4435 Χρύσην
1347 4331 1446 4387 καὶ
1464 4323 1800 4411 Ὀφρύνιον
1827 4328 1930 4387 καὶ
1953 4323 2215 4404 turm»
2258 4322 2868 4404 (WilamowitinS.
2916 4323 3125 4405 Σίγην.

445 4408 1022 4488 SchW.o·ld‘17v:O)
1055 4434 1156 4473 και
1181 4407 1464 4518 ’Ἄστυρα
1495 4416 1598 4473 καὶ
1619 4412 1858 4494 Σκηψιν
1885 4414 1986 4471 καὶ
2010 4412 2316 4491 Βέσβικον
2345 4408 2627 4489 (00ῠίθοί
2660 4426 2777 4499 pm
2804 4406 3127 4489 βεόληνοντ

445 4496 662 4558 Schw.
712 4502 779 4558 et
825 4492 909 4575 O)
961 4500 1062 4557 καὶ
1107 4497 1258 4581 πρός
1300 4521 1532 4572 τουτοις
1586 4495 1928 4559 Αασκυλιον
1968 4502 2071 4559 καὶ
2107 4494 2297 4559 Ἰλίου
2342 4498 2633 4573 Κολώνην
2678 4489 2782 4557 καὶ
2840 4494 3129 4579 Ἀρίσβαν

445 4582 756 4645 οἷκίσαντα
781 4579 1183 4667 αναγορευσαι
1209 4586 1452 4658 κτιστάς
1477 4582 1902 4664 Σκαμάνδριον
1922 4588 2024 4645 καὶ
2040 4579 2374 4646 Ἀσκάνιον.
2413 4584 2509 4646 De
2544 4584 2594 4646 A
2616 4582 2684 4643 ri
2705 4599 2736 4643 s
2757 4580 2852 4643 ba
2884 4580 3129 4663 oppido

445 4666 684 4731 eadem
720 4670 858 4732 fere
901 4668 1103 4731 tradit
1133 4668 1432 4777 steph
1473 4670 1522 4731 Β
1539 4689 1662 4749 yz
1712 4688 1768 4731 s.
1817 4688 1879 4729 v,
1919 4667 2219 4753 Ἀρίσβαι
2266 4662 2439 4743 πόλις
2482 4692 2583 4748 της
2635 4665 2941 4777 Τρωαδος,
2998 4668 3129 4729 Μυ-

442 4756 762 4833 τιληναίων
827 4750 1100 4832 α’ποικος,
1169 4750 1235 4833 ἧς
1291 4754 1549 4831 οικισται
1623 4730 2050 4837 Σκαμάνδριος
2113 4760 2215 4817 καὶ
2270 4752 2620 4833 Ἀσκάνιος,
2684 4752 2809 4828 υιός
2876 4752 3127 4816 Αἰνείου.

449 4840 958 4905 Atheniensium
1008 4859 1160 4904 eum
1210 4842 1310 4905 his
1364 4841 1748 4923 regionibus
1797 4842 2134 4904 rationum
2186 4842 2369 4904 testis
2415 4846 2521 4903 est
2564 4839 2767 4903 etiam
2815 4838 3127 4903 titulus

449 4926 775 4989 Atticus
825 4926 938 4989 vl.
1009 4944 1186 4991 saec.
1266 4928 1333 4990 in
1398 4928 1702 5009 margine
1774 4925 2024 5008 lecythi
2092 4927 2338 4991 incisus
2408 4945 2495 4991 ex
2566 4927 2711 4991 vieo
2766 4924 3125 4991 Erenkioei

451 5010 760 5093 (antiqua
821 5013 986 5078 urbe
1038 5011 1512 5097 Ophrynio)
1557 5013 1920 5077 oriundae:
1971 5011 2023 5075 I.
2079 5012 2160 5076 G.
2214 5014 2295 5077 A.
2348 5012 2409 5077 2.
