4057 5790
2036 539 2546 645 ...10-

945 811 1195 904 refert‚
1252 819 1332 886 ut
1383 814 1523 885 iam
1578 819 1994 907 statuamus,
2051 813 2341 886 ubinam
2395 813 2550 905 ipsa
2604 773 2732 885 illa
2782 812 2994 905 urbs,
3061 815 3133 887 in
3192 836 3398 906 quam
3453 813 3623 890 Solo

948 952 1285 1046 impetum
1335 948 1586 1060 fecisse
1639 951 2082 1044 perhibetur,
2137 949 2357 1024 fuerit
2409 950 2813 1026 collocata.-

1155 1089 1676 1179 Antiquissimis
1728 1090 2165 1185 temporibus
2226 1087 2663 1162 Salamina
2716 1089 3020 1162 insulam
3072 1090 3377 1164 liberam
3456 1092 3617 1167 civi·

947 1232 1168 1300 tatem
1219 1227 1460 1315 fuisse,
1523 1229 1846 1302 nunciam
1897 1215 2093 1304 certo
2150 1234 2455 1302 constat.
2480 1223 2535 1326 ¹)
2642 1226 2823 1301 Veri
2877 1228 3109 1302 simile
3175 1236 3306 1316 est,
3362 1229 3475 1304 hic
3511 1251 3626 1302 an·
3735 1320 3747 1330 .

945 1366 1243 1456 tiquitus
1292 1389 1627 1458 regnasse
1675 1366 2219 1460 Aeginetae.
2319 1365 2887 1460 ¹Comprobatur-
2924 1368 3055 1444 hoc
3124 1369 3480 1442 variorum
3552 1374 3627 1442 et

947 1529 1183 1578 rerum
1249 1509 1667 1599 scriptorum
1720 1511 1794 1605 et
1847 1505 2253 1590 fabularum
2316 1507 2766 1582 testimoniis.
2796 1501 2861 1606 ²)
2965 1487 3262 1580 Mittere
3330 1528 3621 1599 possum

943 1642 1342 1716 fabularum
1379 1652 1817 1736 argumenta,
1865 1645 2123 1734 quibus
2164 1650 2437 1720 scatent
2472 1645 2783 1718 carmina
2821 1641 3235 1738 Pindarica‚
3292 1665 3621 1740 expressa

945 1783 1367 1876 'scriptorum
1414 1785 1824 1860 testimonia
1875 1805 2219 1880 propono.
2293 1783 2887 1875 Apollodorus
2942 1779 3221 1880 (Strab.
3278 1797 3347 1872 p.
3408 1783 3618 1873 394):

953 1919 1284 2020 ἐπιφανὴς
1333 1919 1408 1992 δὲ
1445 1923 1490 2020 ἡ
1526 1929 1726 2020 νῆσος
1781 1921 2034 2020 ὑπῆρξε
2087 1920 2196 1994 διά
2244 1945 2317 1994 τε
2368 1921 2521 1999 τοὺς
2570 1915 2893 1999 Αἰακίδας
2930 1919 3363 2020 ἐπάρξαντας,
3390 1917 3619 2016 αὐτῆς,

946 2059 1056 2129 καὶ
1110 2059 1398 2153 μάλιστα
1452 2029 1514 2130 δῖ
1561 2055 1820 2132 Αἴαντα
1873 2059 1981 2132 τὸν
2038 2055 2485 2155 Τελαμώνιον.
2598 2057 2978 2134 Consentit
3022 2059 3083 2132 P
3113 2081 3229 2132 au
3258 2080 3291 2132 s
3322 2059 3620 2130 anias

948 2199 999 2270 1.
1055 2201 1176 2291 35,
1233 2203 1309 2272 1:
1365 2206 1629 2296 πρῶτον
1684 2196 1760 2269 δὲ
1810 2198 1898 2295 τῇ
1949 2199 2137 2297 νήσῳ
2192 2194 2227 2234 *
2254 2193 2289 2233 *
2316 2194 2351 2234 *
2418 2195 2667 2270 θέσθαι
2729 2171 2919 2270 τοῦτο
2988 2195 3123 2269 ἀπὸ
3181 2203 3301 2294 τῆς
3374 2192 3623 2293 μητρὸς

946 2331 1326 2427 Σαλαμῖνος.ι
1376 2341 1496 2432 τῆς
1541 2327 1890 2418 Ἀσωποῦ,
1962 2334 2073 2405 καὶ
2138 2333 2407 2434 ὕστερον
2468 2331 2819 2434 Αἰγινήτας
2874 2333 3026 2412 τοὺς
3095 2334 3211 2406 σὺν
3265 2329 3619 2430 Τελαμῶνι

939 2471 1303 2572 ἐποικῆσαι.
1413 2473 1602 2549 Hinc
1658 2472 2019 2549 Salamina
2076 2477 2467 2567 antiquitus
2522 2494 2675 2550 cum
2735 2473 3017 2567 Aegina
3080 2480 3235 2548 arte
3288 2491 3618 2548 conexam

941 2620 1011 2686 et
1067 2621 1301 2705 aptam
1349 2609 1592 2708 tuisse,
1648 2614 1900 2689 elucet..
2009 2613 2118 2690 Ac
2172 2616 2501 2689 convenit
2534 2615 2797 2712 optime
2837 2636 2995 2691 cum
3034 2614 3147 2687 his
3186 2613 3605 2706 rationibus„

943 2751 1134 2840 quod
1173 2751 1328 2842 ipsa
1367 2753 1661 2843 antiqua
1697 2755 1868 2828 urbs
1903 2750 2215 2859 'Salamis
2252 2756 2324 2828 in
2382 2755 2773 2830 meridiana
2823 2754 3105 2828 insulae
3146 2761 3373 2846 parte,
3430 2773 3614 2845 quae

940 2890 1030 2963 ad
1089 2889 1440 2982 Aeginam
1491 2900 1782 2985 spectat,
1835 2895 1972 2967 sita
2023 2892 2245 2969 fuisse
2303 2894 2720 2988 perhibetur
2740 2889 2845 2993 3):
2924 2893 3121 2969 cuius
3192 2892 3297 2966 rei
3354 2891 3616 2983 gravis·

944 3062 1249 3072 ——--———·n——

1147 3166 1218 3243 1)
1312 3166 1412 3228 De
1457 3166 1582 3229 hac
1628 3182 1704 3229 re
1745 3166 1916 3229 infra
1964 3165 2238 3230 uberius
2288 3171 2683 3249 exponetur.

1150 3252 1223 3331 2)
1314 3248 1618 3333 Quarum
1687 3252 2067 3316 fabularum
2138 3254 2431 3318 rationes
2498 3251 2813 3337 p'ersequi
2870 3256 2939 3317 et
2998 3252 3302 3335 redigere
3346 3252 3447 3316 vel
3498 3268 3617 3336 per
3720 3296 3733 3307 -

941 3356 1018 3401 se
1065 3338 1244 3401 haud
1291 3340 1430 3404 scio
1478 3358 1562 3403 an
1605 3340 1692 3403 sit
1737 3357 1981 3423 operae
2025 3341 2338 3421 pretium.

1154 3421 1224 3506 3)
1317 3425 1706 3509 Apollodori
1734 3428 2191 3491 testimonium
2224 3426 2575 3491 debilitare
2608 3444 2821 3509 nuper
2842 3424 3097 3489 studuit
3128 3424 3609 3505 Lollingius,

953 3506 1218 3575 Hist.u.
1253 3510 1418 3577 Phil.
1439 3513 1624 3580 Aure.
1673 3512 1748 3577 E.
1776 3510 2043 3577 Curtius
2101 3512 2418 3595 gewidm.
2482 3508 2689 3591 1884,
2760 3532 2827 3596 p.
2878 3511 2920 3575 8
2978 3530 3077 3595 sq.
3173 3511 3617 3576 Proficiscitur

941 3596 1054 3659 ille
1087 3616 1126 3659 a
1157 3596 1405 3679 fabula,
1456 3616 1658 3681 quam
1706 3607 1971 3681 praeter
2003 3597 2174 3663 alios
2207 3600 2627 3665 conservavit
2672 3597 2977 3662 Strabo
3022 3619 3086 3681 p.
3141 3596 3305 3664 393:
3356 3598 3613 3681 Κυχρεί-

943 3684 1046 3760 δης
1089 3680 1244 3765 iique,
1291 3682 1357 3747 ὅν
1400 3704 1580 3768 φησιν
1610 3680 1909 3761 ιΗσίοδος
1951 3688 2255 3770 τραφέντα
2300 3682 2415 3750 ὕπὸ
2459 3686 2743 3769 Κυχρέως
2786 3684 3153 3766 ἐξελαθῆναι
3192 3680 3311 3747 ὕπὸ
3353 3680 3615 3767 Εόρυλὸ-

941 3792 1048 3850 xcv
1092 3770 1522 3853 λυμαινόμενον
1564 3772 1668 3850 τῆν
1711 3774 1907 3851 νῆσον,
1953 3768 2381 3853 ὃποδέξασθαι
2426 3772 2493 3835 δὲ
2531 3769 2710 3836 αότόν
2740 3773 2845 3851 τὴν
2874 3768 3157 3853 Δήμητρα
3188 3769 3276 3845 εἷς
3296 3768 3619 3833 Ἐλευσῖνα

940 3858 1044 3917 καὶ
1087 3861 1380 3937 γενέσθαι
1427 3855 1640 3937 ταύτης
1683 3854 2045 3941 ἀμφίπολον.
2136 3854 2343 3925 Cuius
2390 3858 2789 3921 narrationis
2858 3859 3044 3939 origo
3110 3855 3341 3939 procul
3408 3856 3614 3919 dubio

935 3942 1194 4005 recedit
1235 3942 1322 4007 ad
1385 3962 1722 4007 summam
1782 3946 2274 4027 antiquitatem²
2346 3962 2481 4027 qua
2546 3944 2723 4007 inter
2792 3944 3136 4007 civitatem
3198 3942 3611 4010 Eleusiniam

938 4034 1006 4089 et
1051 4030 1339 4095 Atticam
1389 4029 1777 4094 nullaedum
1829 4031 2341 4095 intercedebant
2374 4032 2693 4095 rationes.
2788 4025 3191 4112 Cychreum‚
3243 4030 3615 4093 vetustissi-

941 4133 1124 4179 mum
1174 4116 1528 4180 Salaminis
1577 4134 2010 4199 eponymnm‚
2063 4118 2266 4181 etiam
2315 4136 2466 4181 eum
2520 4117 2776 4199 Aegina
2821 4116 3045 4180 insula
3087 4128 3158 4179 et
3208 4136 3358 4179 cum
3392 4115 3616 4197 Mega-

937 4202 1026 4263 ris
1093 4204 1258 4266 satis
1325 4204 1602 4285 antiqua
1667 4203 2161 4268 necessitudine
2222 4204 2652 4271 coniunctum
2700 4203 2903 4267 fuisse
2947 4208 3231 4267 constat.
3327 4203 3425 4265 De
3468 4202 3614 4283 ipso

935 4288 1107 4370 loce,
1156 4307 1288 4371 quo
1333 4290 1444 4355 ille
1494 4289 1874 4354 celebratus
1917 4292 2032 4372 sit,
2084 4290 2372 4354 certiora
2404 4290 2768 4353 nescimus.
2860 4290 3055 4371 Apud
3105 4286 3612 4370 Aeschylum

939 4372 1178 4438 Graeci
1225 4396 1378 4440 cum
1428 4376 1647 4441 Persis
1693 4375 1878 4451 ἀκτὰς
1910 4375 2068 4459 ἀμφὶ
2099 4377 2401 4460 Κυχρείας
2431 4377 2839 4459 pugnavisse
2868 4376 3181 4439 dicuntur
3212 4374 3419 4455 (Pers.
3454 4372 3613 4451 570)

939 4466 1008 4521 et
1053 4462 1194 4524 eius
1240 4480 1507 4528 sacrum
1555 4462 1894 4527 Salamine
1941 4467 2426 4527 commemorat
2458 4462 2935 4527 Pausanias
2983 4460 3159 4543 1.36‚
3196 4462 3261 4523 1.
3356 4458 3618 4524 Laudat

933 4551 1278 4627 praeterea
1339 4550 1798 4632 Lycophro
1843 4550 2139 4634 Κυχρεῖος
2182 4547 2371 4633 ἄντρα
2414 4547 2715 4635 Βωκάρου
2755 4570 2823 4612 τε
2866 4546 3104 4631 νάματα
3150 4544 3370 4631 (Alex.
3425 4545 3607 4624 451).

941 4632 1131 4715 Ipsos
1197 4636 1317 4698 hos
1381 4654 1621 4717 specus
1683 4635 2054 4719 Lollingius
2116 4638 2186 4699 in
2250 4635 2604 4718 Cynosura
2650 4632 3048 4718 paeninsula
3114 4652 3321 4715 prope
3368 4648 3614 4695 novam

938 4721 1171 4784 urbem
1224 4721 1563 4785 Salamina
1623 4724 1955 4805 reperisse
2015 4723 2146 4786 sibi
2207 4722 2496 4787 videtur.
2590 4721 2841 4785 Nititur
2908 4719 3054 4783 eius
3114 4719 3614 4800 argumentatio

933 4808 1023 4874 St.
1073 4808 1146 4871 B.
1197 4806 1344 4872 loco
1391 4828 1444 4871 a.
1501 4828 1563 4874 v.
1661 4810 1953 4893 Κυχρεῖος
2006 4806 2220 4893 πάγος·
2264 4812 2406 4895 περὶ
2448 4808 2812 4891 Σαλαμῖνατ
2886 4806 2987 4888 ,ln
3022 4804 3240 4869 dieser
3276 4823 3409 4869 von
3441 4804 3611 4867 Pau·

935 4894 1161 4957 sanias
1212 4894 1610 4976 bestatigten
1664 4896 1943 4979 Angabe
1990 4896 2175 4960 kann
2224 4904 2419 4961 unter
2453 4894 2745 4959 Salamis
2777 4912 2904 4956 nur
2934 4892 3043 4956 die
3074 4896 3341 4975 spatere
3374 4890 3615 4954 Stadt

932 4978 1216 5044 Salamis
1288 4982 1692 5046 vei-standan
1763 4982 2059 5063 werden,
2135 4983 2341 5048 deren
2402 4982 2806 5047 Ueberreste
2873 4998 2961 5043 an
3022 4978 3143 5043 der
3206 4978 3420 5043 Bucht
3476 4994 3607 5041 von
