4057 5790
2054 586 2575 658 ...80-

1123 789 1267 865 Sed
1321 813 1365 864 a
1415 796 1613 884 vagis
1669 792 1932 885 mythis
1988 793 2127 863 iam
2183 790 2425 876 oculos
2478 796 2971 870 convertamus
3052 789 3139 860 ad
3212 788 3597 862 stabiliora

917 931 1260 1004 historiae
1311 936 1792 1008 monumenta.
1895 928 2081 1002 Nam
2141 935 2221 1001 ut
2272 929 2502 1024 primo
2556 948 2723 1000 vere
2776 925 3099 1000 infirmae
3150 944 3228 1000 ac
3282 926 3595 998 lubricae

916 1068 1173 1142 viatori
1230 1067 1380 1141 fere
1436 1078 1607 1143 sunt
1646 1071 1823 1161 viae,
1878 1069 2137 1159 quibus
2170 1071 2442 1140 aestate
2482 1067 2811 1158 expedite
2849 1085 2927 1140 ac
2962 1065 3167 1139 facile
3206 1065 3593 1157 procedere

916 1208 1168 1300 possit,
1222 1207 1326 1278 ita
1380 1208 1491 1279 vel
1539 1208 1839 1281 historia
1892 1206 2265 1298 fabulariS,
2328 1207 2587 1300 quippe
2642 1225 2825 1296 quae
2871 1204 3103 1277 altera
3143 1209 3417 1276 tantum
3452 1204 3592 1276 his·

913 1346 1142 1417 toriae
1199 1346 1422 1436 ipsius
1480 1347 1574 1418 sit
1624 1345 1852 1418 forma
1905 1367 2199 1436 eamque
2256 1344 2681 1437 praecedere
2732 1344 2983 1436 soleat,
3062 1350 3141 1416 ut
3222 1363 3351 1414 ver
3398 1364 3597 1434 prae-

917 1483 1112 1556 cedit
1167 1489 1538 1575 aestatem,
1595 1505 1740 1577 θος,
1797 1484 1918 1574 qui
1972 1484 2046 1555 in
2102 1484 2259 1575 ipsa
2309 1489 2711 1576 versantur,
2766 1482 2955 1554 haud
2995 1502 3159 1554 raro
3198 1482 3273 1552 in
3310 1501 3593 1553 errores

911 1621 1102 1712 rapit
1179 1627 1252 1694 et
1323 1621 1591 1714 lapsus.
1700 1625 2037 1694 Attamen
2095 1643 2211 1694 res
2265 1623 2658 1695 veteriores
2714 1642 2868 1696 cum
2923 1620 3233 1693 omnium
3290 1618 3592 1692 Graeco·

910 1779 1064 1831 rum
1114 1764 1266 1832 tum
1323 1757 1872 1833 Atheniensium
1929 1761 2215 1854 penitus
2265 1763 2695 1851 pernoscere
2752 1759 2813 1831 si
2859 1759 3319 1851 voluerimuS‚
3374 1757 3593 1830 histo-

909 1898 1088 1970 riam
1151 1896 1542 1971 fabularem
1595 1899 1881 2004 minime
1929 1919 2305 1990 possumus
2361 1897 2764 1988 neglegere.
2896 1894 3189 1986 Neque·
3233 1896 3447 1968 etiam
3526 1896 3595 1967 ei

907 2036 1068 2127 ipsi,
1139 2037 1260 2126 qui
1311 2037 1448 2109 iam
1511 2059 1748 2110 rorum
1804 2038 2193 2128 scriptores
2248 2036 2483 2109 solent
2531 2037 2793 2128 vocari,
2838 2035 2927 2106 ab
2978 2037 3066 2108 iis
3121 2033 3590 2127 temporibuS,

909 2173 1166 2263 quibus
1227 2174 1513 2247 fabulae
1587 2177 1773 2248 istae
1843 2175 2413 2266 divulgabantur,
2489 2177 2591 2248 ita
2662 2195 2918 2265 magno
2994 2176 3223 2269 spatio
3296 2174 3593 2249 diiuncti

908 2317 1096 2385 sunt.
1239 2313 1562 2387 Termini
1613 2315 1684 2386 in
1742 2314 1852 2386 his
1910 2315 2127 2387 rebus
2176 2315 2700 2405 circumscripte
2758 2313 3043 2386 omnino
3099 2334 3238 2386 non
3292 2317 3594 2404 possunt

909 2425 1269 2524 constitui.
1397 2449 1624 2524 Velut
1675 2451 2090 2526 Herodotus
2129 2408 2318 2543 ipsas
2357 2452 2523 2524 illas
2560 2452 3033 2542 narrationeS‚
3089 2451 3345 2541 quibus
3376 2449 3588 2522 Athe-

908 2585 1194 2658 nienses
1266 2584 1724 2679 Mytilenaeis
1805 2588 2308 2663 vindicationis
2380 2591 2491 2662 ius
2571 2589 3063 2681 comprobasse
3140 2589 3271 2674 ait,
3344 2588 3587 2660 eodem

905 2724 1111 2797 modo
1157 2721 1391 2817 λόγους
1444 2725 1761 2816 appellat
1815 2732 2027 2817 atque
2080 2735 2308 2801 totum
2367 2751 2596 2822 suum,
2653 2730 2835 2819 quod
2891 2727 3330 2820 conscripsit,
3382 2737 3587 2818 opus,

1111 2863 1254 2935 Iam
1313 2883 1480 2935 vero
1537 2863 1626 2936 ab
1681 2861 2139 2937 Herodoti
2185 2867 2616 2959 testimonio,
2689 2888 2827 2958 quo
2881 2876 3004 2941 aut
3058 2866 3411 2938 vetustius
3468 2870 3590 2937 aut

898 3000 1182 3091 gravius
1239 3000 1582 3075 habemus
1638 3003 1937 3095 nullum,
2007 3004 2217 3076 etiarn
2258 3006 2333 3076 in
2378 3006 2554 3096 ipsis
2584 3003 3134 3078 Atheniensium
3174 3004 3349 3077 belli
3378 3004 3591 3077 rebus

900 3140 1418 3232 perspiciendis
1463 3142 1667 3214 nobis
1706 3142 2295 3233 proficiscendum
2348 3149 2480 3215 est.
2588 3142 2651 3215 Ε
2692 3144 3030 3237 proximis
3071 3142 3375 3217 saeculis
3412 3141 3591 3249 nihil
3668 3226 3677 3235 .

900 3279 988 3351 de
1042 3278 1134 3351 iis
1193 3278 1414 3352 rebus
1471 3280 1760 3353 devenit
1815 3282 1905 3353 ad
1960 3303 2114 3353 nos,
2188 3279 2558 3371 ·Recurrit
2606 3282 2803 3353 illius
2840 3282 3013 3354 belli
3044 3282 3383 3354 memoria
3403 3282 3611 3376 apud·

899 3415 1204 3488 seriores
1261 3417 1537 3489 demum
1591 3418 1999 3511 scriptoreS‚
2068 3439 2319 3492 manca
2371 3394 2911 3509 illaquidem'et
2940 3419 3307 3494 lacunosa.
3400 3419 3589 3511 Quo-

896 3575 1051 3626 rum
1127 3560 1490 3627 auctorum
1554 3557 1971 3630 ‘testimonia
2027 3558 2086 3629 si
2144 3579 2297 3631 cum
2358 3560 2767 3631 narratione
2822 3556 3241 3632 Herodotea
3292 3557 3587 3631 conferi-

895 3714 1074 3783 muS‚
1131 3694 1430 3767 maxima
1466 3695 1580 3765 vel
1617 3696 1846 3786 primo
1911 3695 2167 3769 obtutu
2204 3704 2565 3788 comparet
2601 3697 3099 3789 discrepantia.
3182 3696 3587 3771 Herodotus

895 3829 1234 3921 Hippiam
1291 3852 1328 3902 e
1370 3830 1902 3905 Lacedaemone
1987 3834 2357 3925 expulsum
2410 3832 2701 3926 Sigeum
2754 3836 3165 3910 discessisse
3221 3855 3588 3921 enarrem,

897 3967 1481 4043 Pisistratum
1525 3972 1860 4062 oppidum
1899 3972 2106 4063 illud,
2136 3974 2203 4044 vi
2242 3994 2283 4044 a
2314 3971 2775 4066 Mytilenaeis
2806 3980 3313 4065 expugnatum,
3350 3972 3587 4061 Hege-

897 4107 1214 4199 sistrato,
1269 4108 1417 4179 filio
1472 4130 1600 4181 suo
1654 4112 1921 4203 spuri0‚
1979 4111 2361 4184 tradidisse
2411 4110 2653 4191 refert.
2734 4110 3081 4202 Sequitur
3116 4110 3425 4183 famosus
3464 4111 3585 4183 ille
3668 4116 3692 4133 ·“

781 4302 786 4313 .
896 4242 1143 4317 Alcaei
1195 4266 1425 4338 casm,
1490 4264 1639 4318 cum
1695 4249 1767 4318 in
1825 4269 2065 4339 pugna
2117 4251 2357 4339 aliqua
2412 4251 2600 4322 inter
2646 4248 3132 4323 Athenienses
3190 4248 3584 4341 et'Mytile-

894 4403 1110 4472 naeos
1186 4384 1558 4457 commissa
1654 4392 1926 4485 scutum
2000 4410 2203 4459 suum
2257 4387 2651 4477 reliquerit.
2762 4368 3229 4482 Componitur
3283 4388 3587 4479 denique

891 4526 1117 4594 totum
1183 4520 1452 4593 bellum
1508 4522 1806 4596 arbitrio
1860 4524 2246 4597 Periandri
2300 4524 2680 4597 Corinthii.
2792 4526 2989 4617 Quae
3038 4528 3359 4598 narratio
3416 4546 3589 4598 sane

892 4666 973 4733 ut
1024 4683 1180 4735 cum
1245 4662 1714 4754 temporibus,
1800 4665 1903 4736 ita
1983 4682 2135 4735 cum
2222 4665 2351 4754 eis,
2433 4687 2611 4754 quae
2694 4666 2881 4756 apud
2963 4662 3585 4737 Strabonem

891 4820 959 4890 p.
1015 4800 1164 4870 600
1220 4804 1292 4870 et
1347 4796 1854 4890 Diogenem
1912 4798 2366 4873 Laertium
2427 4800 2463 4874 I
2518 4800 2556 4893 ἓ
2603 4796 2717 4875 ’74
2777 4802 2862 4874 de
2918 4802 3457 4875 Atheniensium
3515 4809 3588 4874 et

895 4933 1495 5029 Mytilenaeorum
1553 4936 1743 5008 bello
1799 4938 2062 5028 scripta
2144 4945 2331 5029 sunt.
2420 4960 2867 5030 summopere
2918 4940 3199 5012 videtur
3246 4960 3585 5031 pugnare.
