4057 5790
1989 605 2509 680 *72*

909 825 1291 900 Munichus
1365 826 1520 917 ipse
1577 826 1649 896 in
1705 825 1828 898 ‘his
1891 827 2422 900 narrationibus
2486 849 2615 901 rex
2666 835 2776 902 est
2830 827 3141 906 Atticus.
3270 829 3591 922 Quarum

911 963 1312 1038 fabularum
1371 965 1570 1054 origo
1609 969 1802 1038 certe
1853 985 1894 1037 a
1949 965 2125 1037 satis
2162 967 2415 1057 priscis
2462 968 2925 1060 temporibus,
2982 967 3282 1042 fortasse
3336 968 3501 1042 inde
3548 989 3599 1040 a

912 1104 1214 1195 septimo
1269 1102 1556 1177 saeculo
1605 1102 1997 1194 repetenda
2045 1110 2156 1175 est
2192 1099 2269 1195 ¹).

1129 1239 1279 1314 Iam
1338 1261 1506 1313 vero
1543 1239 1985 1318 ‚secundaria
2044 1247 2119 1314 et
2182 1243 2538 1315 recentior
2600 1241 2883 1317 fabulae
2938 1244 3393 1320 conformatio
3457 1254 3593 1337 est,

905 1383 981 1453 in
1019 1400 1168 1469 qua
1201 1377 1340 1450 Mu
1361 1377 1443 1449 ni
1468 1377 1680 1452 chus
1735 1384 2037 1470 apparet
2075 1367 2145 1450 in
2186 1379 2466 1452 Troade
2522 1393 2597 1454 et
2644 1383 2716 1455 in
2748 1383 3081 1458 Thracia.
3158 1383 3364 1476 Quod
3402 1384 3594 1456 haud

909 1519 1012 1592 ita
1065 1537 1232 1590 casu
1284 1517 1618 1591 accidisse
1669 1515 2004 1602 elucebit,
2054 1521 2115 1589 si
2160 1516 2647 1592 Athenienses
2694 1521 3011 1612 ipsarum
3068 1522 3312 1594 harum
3370 1523 3591 1613 regio·

907 1679 1078 1730 num
1150 1657 1523 1748 imperium
1579 1657 1719 1728 ium
1796 1657 2192 1745 antiquitus
2269 1657 2636 1734 affectasse
2703 1660 3259 1732 meminerimus.
3379 1639 3588 1752 Quip-

907 1817 996 1888 pe
1042 1801 1122 1868 ut
1172 1816 1409 1867 rerum
1463 1795 1936 1881 condiciones,
1992 1795 2093 1867 ita
2171 1793 2569 1868 fabularum
2652 1797 2967 1870 rationes
3046 1806 3583 1873 commutantur.

905 1930 990 2006 In
1047 1933 1160 2006 his
1233 1931 1496 2006 fabulis
1561 1907 2339 2007 Munichus‘nimirum
2399 1934 2889 2028 LaodiceS,
2972 1939 3212 2028 regiae
3287 1939 3585 2029 virginis

911 2071 1264 2145 Troianae
1321 2072 1516 2146 filius
1565 2078 1698 2161 est,
1757 2093 1966 2163 quem
2021 2095 2108 2146 ea
2159 2074 2253 2182 ab·
2288 2076 2811 2167 Acamante,
2867 2075 3063 2166 regio
3114 2075 3260 2147 filio
3315 2073 3585 2159 Attico,

907 2207 1408 2310 conceperit2).
1516 2210 1674 2285 Hoc
1734 2233 1904 2285 sane
1961 2213 2136 2286 satis
2188 2220 2300 2286 est
2355 2213 2988 2286 commemorabile.
3096 2215 3353 2288 Troiae
3413 2239 3599 2310 puer·

908 2349 1246 2423 educatur
1303 2351 1392 2423 ab
1459 2347 1777 2442 Aethra,
1827 2350 2090 2423 Thesei
2168 2357 2460 2446 matre,¹
2491 2353 2751 2446 quippe
2798 2373 2977 2441 quae
3032 2353 3187 2424 eius
3242 2353 3587 2444 originem

908 2489 1147 2561 statim
1202 2491 1592 2601 agnoverit.
1731 2487 2123 2564 Postmodo
2178 2497 2450 2578 sutem,
2536 2512 2692 2565 cum
2749 2491 2839 2562 ab
2905 2488 3297 2564 Acamante
3358 2499 3589 2586 patre,

907 2627 1127 2701 Troia
1181 2628 1468 2713 excisa,
1552 2628 2019 2704 reduceretur
2082 2626 2448 2715 AthenaS,
2534 2631 2785 2720 anguis
2830 2651 3091 2703 morsu
3160 2631 3232 2701 in
3288 2631 3591 2705 Thracia

909 2767 1261 2840 exstintus
1342 2769 1474 2838 est.
1607 2775 1610 2783 ’
1681 2765 2071 2842 Munichus
2181 2787 2351 2858 ergo
2454 2767 2527 2840 in
2632 2769 2741 2840 his
2834 2769 3246 2859 regionibus
3328 2772 3591 2862 primas

908 2907 1139 2998 egisse
1196 2927 1337 2979 non
1392 2909 1656 2999 potest.
1766 2906 1874 2999 ld,
1945 2926 2083 2996 quo
2140 2905 2624 2979 Athenienses
2678 2906 3181 2979 vindicationis
3234 2908 3346 2981 ius
3415 2928 3593 2982 com-

905 3018 1329 3139 probarunt,
1384 3044 1596 3116 etiam
1649 3044 1766 3119 hic
1835 3044 1930 3118 ad
1982 3042 2449 3120 Acamantem
2504 3045 2933 3149 translatum
2973 3051 3104 3118 est.
3212 3044 3323 3123 Ac
3360 3067 3593 3122 recur-

907 3186 1078 3257 runt
1126 3182 1200 3256 in
1253 3174 1559 3258 Thracia
1613 3181 1860 3255 eadem
1926 3188 2140 3275 atque
2196 3185 2268 3256 in
2326 3184 2643 3256 Troade:
2744 3190 2821 3257 ut
2872 3184 3339 3257 Troianorum
3394 3188 3591 3278 regia

907 3320 1109 3413 virgo
1158 3322 1482 3394 iuvenem
1537 3319 2056 3395 Atheniensem
2122 3343 2359 3413 amore
2416 3322 2553 3395 sibi
2605 3322 3008 3408 devinxisse
3066 3320 3463 3411 ferebatur,
3491 3326 3593 3397 ita

907 3460 982 3533 in
1036 3458 1340 3535 Thracia
1393 3480 1670 3553 quoque
1723 3462 1914 3554 regis
1983 3460 2134 3533 filia
2198 3462 2631 3553 Acamantis
2706 3482 2943 3535 amore
3014 3461 3419 3535 incenditur
3493 3483 3594 3535 re·

910 3618 1268 3689 gnumque
1305 3603 1681 3691 paternum
1711 3597 1898 3672 dotis
1933 3600 2167 3673 instar
2202 3600 2269 3671 ei
2305 3599 2684 3674 committit
2710 3596 2791 3697 ³).
2856 3597 3054 3674 Haec
3096 3599 3595 3691 antiquissima

1123 3867 1185 3954 1)
1229 3869 1439 3935 ‚Audit
1483 3876 1640 3955 aput
1683 3870 2104 3937 Hellanieum
2140 3872 2436 3937 Muniehi
2485 3876 2675 3956 pater
2723 3872 3193 3939 Pantaeles.
3247 3874 3389 3939 Iam
3434 3892 3593 3939 vero

913 3962 981 4023 in
1019 3956 1222 4022 Iulii
1253 3958 1643 4022 Africani
1689 3956 2153 4043 olympiadum
2204 3959 2653 4043 descriptione
2696 3962 2872 4023 inter
2917 3961 3201 4025 victores
3246 3960 3594 4025 Pantaeles

881 4044 1195 4131 ‘quidam
1246 4045 1678 4109 Atheniensis
1722 4053 2178 4127 enumeratur,
2247 4048 2361 4130 qui
2426 4049 2727 4111 omnium
2774 4046 3281 4110 Atheniensium
3342 4050 3593 4131 primus

909 4133 1026 4196 illo
1055 4132 1419 4195 certamine
1447 4132 1546 4195 bis
1598 4133 1856 4195 vicerit.
1914 4134 2377 4215 Adsignantur
2402 4134 2545 4198 eius
2572 4134 2890 4198 victoriae
2916 4133 2999 4197 ol.
3032 4134 3110 4195 21
3142 4141 3208 4196 et·
3240 4133 3326 4195 22
3351 4133 3508 4216 (696
3534 4140 3597 4197 et

911 4219 1039 4282 692
1081 4236 1144 4281 a.
1191 4214 1375 4298 Chr.)
1463 4218 1641 4281 Fieri
1686 4223 1932 4301 potest,
2009 4226 2084 4283 ut
2153 4221 2326 4284 inter
2371 4221 2549 4284 hune
2616 4225 2684 4283 et
2729 4219 3023 4283 Muniehi
3096 4225 3351 4301 patrem
3422 4221 3591 4283 ratio

913 4306 1141 4388 aliqua
1185 4305 1672 4384 intercesserit,
1725 4308 2115 4387 praesertim
2166 4326 2316 4371 eum
2363 4307 2651 4370 alterum
2700 4305 3002 4369 eiusdem
3050 4306 3340 4371 nominis
3386 4306 3596 4371 homi·
3628 4380 3635 4391 .

911 4410 1068 4458 nem
1116 4390 1388 4454 illorum
1437 4396 1813 4474 temporum
1863 4394 2187 4456 memoria
2236 4395 2509 4457 omnino
2556 4411 2689 4456 non
2739 4394 3133 4456 servaverit.

1121 4479 1196 4556 2)
1261 4478 1797 4561 Hegesippus
1839 4477 2447 4561 Mecyberneus
2491 4498 2599 4561 ap.
2618 4479 2935 4543 Parthen.
2949 4476 3133 4542 XVI.
3185 4478 3589 4561 Lycophr.

920 4566 1034 4636 Al..
1079 4564 1402 4630 495—99.
1493 4564 1991 4647 Euphorion
2038 4569 2105 4629 in
2152 4565 2409 4629 Tzetzis
2456 4584 2629 4630 eom.
2681 4566 2767 4629 ad
2814 4565 2973 4646 Lye.
3032 4565 3132 4629 Al.
3192 4567 3339 4628 495.
3457 4604 3472 4620 .

1125 4649 1194 4733 3)
1289 4650 1601 4715 Aeschin.
1651 4674 1716 4713 π.
1760 4675 2034 4735 παραπρ.
2081 4652 2194 4715 31:
2280 4654 2529 4731 Θησέως
2568 4652 2825 4730 παίδων,
2868 4648 2951 4715 ὧν
2984 4649 3321 4734 Ἀκάμας
3362 4654 3598 4735 λέγεται

913 4744 1131 4824 φερνὴν
1176 4737 1276 4802 ἐπὶ
1321 4738 1392 4831 τῇ
1437 4742 1667 4819 yvvouxi
1711 4741 1920 4819 λαβεῖν
1963 4741 2067 4818 τὴν
2106 4737 2312 4820 χώραν
2353 4737 2589 4816 ταύτην.
2715 4737 2835 4801 Tz.
2900 4737 3248 4847 Lycophr...
3300 4737 3406 4802 Al.
3470 4738 3597 4801 495

915 4826 1153 4977 *stit
1133 4917 1156 4975 .
1141 4807 1952 4996 ἒκῖμὲῖγὸἐῖξῖἰοέαὲκῖἷ
1972 4828 2292 4992 ’ἑίἰῗὲἷὲἒξ
2347 4826 2554 4975 232¹?
2568 4821 2989 4995 πῗέὲἕῗέἔὲῑ
3022 4823 3355 5001 stis-fist.
3390 4821 3601 4997 {m

2286 4956 2304 4990 2

912 5001 1017 5083 τὴν
1057 5001 1391 5081 βασιλείαν.
