4057 5790
1957 569 2527 640 -134—

903 831 1140 880 orsum
1219 823 1376 882 orto
1463 812 1983 902 comprobatur,
2062 810 2349 882 minime
2406 809 2927 900 neglegendum
2982 812 3117 880 est.
3215 803 3574 880 Evicimus

903 967 1120 1037 supra
1189 945 1572 1020 Isocratem
1653 947 2024 1020 seditionis
2104 947 2385 1018 initium
2444 945 2612 1017 inde
2686 967 2728 1016 a
2777 945 3006 1036 prima
3054 942 3426 1017 Pisistrati
3474 950 3573 1034 ty-

901 1086 1200 1155 rannide
1254 1084 1359 1174 (h.
1413 1106 1473 1156 e.
1529 1084 1696 1156 inde
1751 1085 1840 1155 ab
1896 1105 2083 1156 anno
2140 1078 2315 1179 561)
2376 1082 2817 1176 repetivisse.
2951 1078 3110 1152 Hoc
3190 1079 3571 1152 tenendum

900 1227 1036 1292 est.
1143 1219 1294 1292 Iam
1351 1243 1515 1292 vero
1571 1212 1632 1293 s'i
1686 1222 1848 1295 hinc
1920 1225 2020 1292 40
2077 1243 2301 1293 annos
2371 1220 2827 1311 detrahimus,
2906 1219 3132 1309 ipsius
3201 1216 3571 1290 seditionis

893 1357 1054 1428 finis
1095 1359 1183 1428 ad
1231 1361 1374 1430 521
1406 1369 1801 1446 revocatur,
1857 1358 1929 1430 id
1969 1357 2154 1448 quod
2205 1358 2392 1430 omni
2447 1358 2731 1429 omnino
2786 1363 2980 1427 caret
3032 1352 3564 1444 probabilitate.

897 1493 1042 1565 Sed
1123 1506 1202 1566 ut
1250 1493 1762 1568 Herodotus
1849 1507 1922 1568 et
1978 1494 2535 1567 Aristoteles
2596 1491 3211 1565 Pisistratidarum
3272 1490 3569 1586 imperio

901 1635 996 1702 35
1034 1627 1174 1726 (vel
1207 1635 1338 1716 36)
1393 1655 1618 1704 annos
1671 1635 2109 1706 vindicantes
2162 1654 2302 1704 non
2350 1640 2731 1724 perpetuos
2774 1630 2937 1702 illos
2993 1637 3567 1720 numeraverunt,

895 1771 1004 1840 ita
1059 1791 1148 1839 ue
1187 1767 1614 1841 Isocratis
1666 1769 1948 1858 quidem
2003 1770 2433 1859 computatio
2490 1789 2628 1840 uno
2683 1775 2930 1840 tenore
2984 1768 3328 1858 perducta
3379 1767 3567 1840 vide-

893 1903 1106 1998 tur.¹J
1212 1904 1344 1990 Ac,
1397 1907 1468 1976 ni
1516 1904 1750 1998 fallor,
1806 1908 2207 1981 etiamnunc
2265 1905 2624 1978 enucleari
2651 1911 2937 1997 potest,
2994 1924 3339 1994 quaenam
3380 1906 3564 1977 ratio

899 2045 1054 2115 eius
1110 2043 1614 2136 computationi
1661 2043 2043 2118 subiaceat.

1099 2177 1556 2251 Rodundavit
1628 2201 1844 2271 supra
1917 2201 2002 2250 ex
2060 2179 2478 2252 Aristotelis
2518 2175 2764 2276 (Polit.
2806 2179 2896 2250 V.
2936 2181 3011 2272 9,
3039 2177 3165 2276 23)
3214 2186 3287 2250 et
3336 2177 3565 2250 Hero-

895 2318 1046 2390 doti
1101 2315 1181 2412 (Ι,
1239 2319 1366 2408 62)
1421 2319 1876 2400 testimoniiS,
1932 2318 2131 2408 prius
2180 2316 2542 2390 Pisistrati
2588 2318 2875 2389 exilium
2931 2320 2975 2388 5
3032 2317 3173 2404 (vel
3232 2319 3336 2408 6),
3392 2317 3562 2390 alte·

891 2477 1047 2527 rum
1097 2477 1266 2526 vero
1325 2456 1411 2524 11
1475 2455 1618 2548 (vel
1679 2453 1800 2552 10)
1854 2476 2199 2527 annorum
2256 2453 2497 2534 fuisse.
2604 2454 2753 2528 Iam
2794 2475 2964 2529 vero
3010 2472 3161 2528 cum
3201 2456 3557 2546 primum

895 2593 1234 2682 expulsus
1280 2600 1472 2663 esset
1527 2589 1972 2676 PisistratuS,
2032 2600 2303 2663 tantum
2345 2591 2592 2684 abfuit,
2650 2599 2727 2664 ut
2762 2593 3283 2664 controversiae
3318 2592 3559 2664 civiles

887 2729 1354 2817 quiescerent,
1407 2735 1488 2800 ut
1539 2728 1760 2803 στάσις
1818 2731 1924 2802 vel
1978 2750 2065 2802 eo
2120 2729 2561 2822 procederet,
2644 2736 2725 2800 ut
2778 2727 3171 2819 MegacleS‚
3225 2731 3559 2820 princeps

884 2864 1583 2956 Alcmaeonidarum‚
1638 2885 1778 2937 non
1830 2864 2194 2937 dubitaret
2240 2867 2470 2956 ipsum
2522 2867 2900 2960 pristinum
2952 2886 3288 2942 revocare
3342 2865 3557 2939 Athe-

890 3026 1016 3075 nas
1073 3003 1575 3073 adversarium.
1687 2978 2091 3075 He'rodot
2110 3026 2196 3075 us
2253 3004 2306 3094 1,
2364 3005 2497 3075 60:
2555 3003 2627 3072 ὀἱ
2686 3000 2761 3072 δὲ
2828 3001 3260 3081 ἐξελάσαντες
3331 2998 3557 3074 Πεισί-

887 3164 1165 3239 στρατον
1225 3139 1408 3215 αὖτις
1459 3140 1532 3209 ἐκ
1585 3140 1742 3236 νέης
1808 3133 1905 3209 ἐπ’
1970 3138 2315 3235 ἀλλήλοισι
2364 3139 2902 3210 ἐστασίασαν·
2968 3141 3558 3238 περιελαυνόμενος

888 3278 924 3349 δ
949 3278 983 3348 ὲ
1035 3280 1132 3374 τῇ
1187 3304 1227 3347 σ
1248 3280 1348 3347 τά
1370 3301 1450 3346 σι
1503 3278 1538 3346 ὁ
1587 3270 1992 3372 Μεγακλέης
2051 3275 2569 3373 ἐπεκηρυκεύετο
2624 3272 3095 3375 Πεισιστράτῳ,
3151 3254 3213 3347 εἷ
3260 3274 3557 3377 βούλοιτό

765 3424 804 3455 ”
887 3419 947 3487 οἱ
1002 3418 1125 3513 τὴν
1173 3413 1520 3512 θυγατέρα
1571 3412 1746 3510 ἔχειν
1799 3419 2079 3508 γυναῖκα
2129 3414 2239 3485 ἐπὶ
2296 3414 2383 3511 τῇ
2433 3413 2779 3511 τυραννίδι.
2870 3414 3182 3487 Prorsus
3237 3416 3381 3489 alia
3415 3418 3555 3489 iam

884 3554 1276 3626 alterius
1331 3552 1696 3625 Pisistrati
1745 3554 1940 3625 exilii
1987 3552 2124 3625 fuit
2170 3554 2375 3625 ratio.
2507 3552 2697 3644 Quid
2776 3556 2962 3644 quod
3040 3552 3551 3627 Herodotus

884 3702 1040 3765 tum
1121 3702 1362 3782 partes
1437 3692 1513 3763 in
1585 3692 1884 3781 gratiam
1941 3691 2203 3763 rediise
2277 3694 2633 3782 expressis
2688 3690 2927 3763 verbis
3004 3690 3239 3764 adfert
3300 3694 3356 3783 Ι,
3413 3692 3549 3763 61;

879 3822 1343 3924 (Μεγακλέης)
1395 3826 2055 3899 καταλλάσσετο
2106 3829 2255 3924 τὴν
2310 3824 2633 3925 ἔχθρην
2687 3834 2928 3899 τοῖσι
2970 3830 3549 3925 στασιώτῃσι.

877 3962 1208 4039 Recessit
1257 3964 1706 4057 PisistratuS‚
1759 3986 1914 4038 cum
1963 3966 2095 4039 hoc
2152 3968 2355 4039 modo
2411 3970 2719 4058 partium
2756 3969 3029 4039 animos
3066 3968 3255 4038 inter
3312 3987 3388 4037 se
3445 3988 3551 4037 re-

879 4104 1245 4177 conciliari
1310 4103 1583 4175 videret
1659 4103 1848 4175 ultro
1923 4104 2034 4174 ab‘
2097 4106 2253 4194 ipsa
2327 4109 2519 4175 terra
2591 4105 2829 4177 Attica
2906 4100 3405 4197 (ἀπαλλάσσετο
3476 4101 3549 4171 ἐκ

876 4247 997 4337 τῆς
1041 4242 1276 4337 χώρης
1325 4238 1398 4309 τὸ
1431 4238 1804 4337 “παράπαν)
1849 4238 2478 4335 Eretriamque
2531 4239 2891 4335 profectus
2944 4242 3091 4314 illic
3130 4262 3259 4335 per
3294 4240 3547 4341 decen-

878 4381 1075 4450 nium
1131 4378 1721 4453 commorabatur.

1084 4514 1575 4589 Oollustratur
1631 4516 1793 4590 hinc
1849 4501 2278 4589 Isocratis
2327 4517 2535 4589 ratio,
2664 4512 2851 4586 Nam
2932 4520 3011 4585 ut
3084 4514 3545 4605 indicaretur,

1077 4877 1151 4953 1)
1199 4876 1344 4939 Hoc
1406 4874 1542 4937 iam
1603 4873 2064 4939 Olintonus
2112 4875 2495 4959 prolocutus
2540 4884 2645 4940 est
2692 4876 2766 4939 F.
2821 4877 2903 4941 H.
2952 4876 3017 4939 11
3064 4896 3131 4959 p.
3180 4877 3336 4961 202,
3420 4877 3545 4941 etsi

877 4962 1262 5049 opinionem
1307 4980 1502 5025 suam
1546 4960 1731 5025 nullo
1780 4961 2247 5045 comprobavit
2289 4970 2707 5045 argumento.
