<?xml version="1.0" encoding="UTF-8"?>
<!DOCTYPE html PUBLIC "-//W3C//DTD XHTML 1.0 Transitional//EN"
    "http://www.w3.org/TR/xhtml1/DTD/xhtml1-transitional.dtd">
<html xmlns="http://www.w3.org/1999/xhtml" xml:lang="en" lang="en">
 <head>
  <title>
</title>
<meta http-equiv="Content-Type" content="text/html;charset=utf-8" />
  <meta name='ocr-system' content='tesseract 3.04.00' />
  <meta name='ocr-capabilities' content='ocr_page ocr_carea ocr_par ocr_line ocrx_word'/>
</head>
<body>
  <div class='ocr_page' id='page_1' title='image "./quaestionespisi00toepgoog_0045.png"; bbox 0 0 4057 5790; ppageno 0'>
   <div class='ocr_carea' id='block_1_1' title="bbox 1565 577 2078 646">
    <p class='ocr_par' dir='ltr' id='par_1_1' title="bbox 1565 577 2078 646">
     <span class='ocr_line' id='line_1_1' title="bbox 1565 577 2078 646; baseline 0 -18"><span class='ocrx_word' id='word_1_1' title='bbox 1565 577 2078 646; x_wconf 71' lang='lat'><strong>-33—</strong></span> 
     </span>
    </p>
   </div>
   <div class='ocr_carea' id='block_1_2' title="bbox 364 806 3163 3816">
    <p class='ocr_par' dir='ltr' id='par_1_2' title="bbox 364 806 3163 3816">
     <span class='ocr_line' id='line_1_2' title="bbox 472 806 3155 915; baseline -0.001 -29"><span class='ocrx_word' id='word_1_2' title='bbox 472 806 815 913; x_wconf 76' lang='grc' dir='ltr'>Ἀρτέμιδι</span> <span class='ocrx_word' id='word_1_3' title='bbox 883 814 954 886; x_wconf 86' lang='grc' dir='ltr'><strong>ἐν</strong></span> <span class='ocrx_word' id='word_1_4' title='bbox 1009 809 1364 915; x_wconf 84' lang='grc' dir='ltr'>Βραυρῶνι</span> <span class='ocrx_word' id='word_1_5' title='bbox 1433 816 1728 912; x_wconf 81' lang='grc' dir='ltr'>ἀγούσας</span> <span class='ocrx_word' id='word_1_6' title='bbox 1797 817 1994 914; x_wconf 78' lang='grc' dir='ltr'>ὁρτὴν</span> <span class='ocrx_word' id='word_1_7' title='bbox 2059 813 2176 892; x_wconf 82' lang='grc' dir='ltr'>τὰς</span> <span class='ocrx_word' id='word_1_8' title='bbox 2242 823 2377 886; x_wconf 84' lang='grc' dir='ltr'><strong>τῶν</strong></span> <span class='ocrx_word' id='word_1_9' title='bbox 2452 809 2845 912; x_wconf 83' lang='grc' dir='ltr'>Ἀθηναίων</span> <span class='ocrx_word' id='word_1_10' title='bbox 2924 817 3155 909; x_wconf 82' lang='grc' dir='ltr'>γυναῖ-</span> 
     </span>
     <span class='ocr_line' id='line_1_3' title="bbox 486 949 3156 1052; baseline -0 -30"><span class='ocrx_word' id='word_1_11' title='bbox 486 974 634 1033; x_wconf 87' lang='grc' dir='ltr'>κας,</span> <span class='ocrx_word' id='word_1_12' title='bbox 716 949 1021 1024; x_wconf 81' lang='grc' dir='ltr'>ἐνθεῦτεν</span> <span class='ocrx_word' id='word_1_13' title='bbox 1103 951 1178 1023; x_wconf 85' lang='grc' dir='ltr'><strong>δὲ</strong></span> <span class='ocrx_word' id='word_1_14' title='bbox 1257 955 1676 1052; x_wconf 83' lang='grc' dir='ltr'>ἁρπάσαντες</span> <span class='ocrx_word' id='word_1_15' title='bbox 1745 953 1994 1024; x_wconf 87' lang='grc' dir='ltr'>τούτων</span> <span class='ocrx_word' id='word_1_16' title='bbox 2077 952 2332 1030; x_wconf 80' lang='grc' dir='ltr'>πολλὰς</span> <span class='ocrx_word' id='word_1_17' title='bbox 2414 954 2671 1049; x_wconf 77' lang='grc' dir='ltr'>οἴχοντο</span> <span class='ocrx_word' id='word_1_18' title='bbox 2752 951 3156 1024; x_wconf 81' lang='grc' dir='ltr'>ἀποπλώον-</span> 
     </span>
     <span class='ocr_line' id='line_1_4' title="bbox 477 1084 3158 1189; baseline 0.001 -29"><span class='ocrx_word' id='word_1_19' title='bbox 477 1084 609 1172; x_wconf 59' lang='grc' dir='ltr'>τες,</span> <span class='ocrx_word' id='word_1_20' title='bbox 687 1093 801 1161; x_wconf 89' lang='grc' dir='ltr'><strong>καί</strong></span> <span class='ocrx_word' id='word_1_21' title='bbox 881 1114 1103 1188; x_wconf 81' lang='grc' dir='ltr'>σφεας</span> <span class='ocrx_word' id='word_1_22' title='bbox 1191 1091 1260 1169; x_wconf 80' lang='grc' dir='ltr'><strong>ἐς</strong></span> <span class='ocrx_word' id='word_1_23' title='bbox 1339 1089 1606 1189; x_wconf 79' lang='grc' dir='ltr'>Λῆμνον</span> <span class='ocrx_word' id='word_1_24' title='bbox 1700 1091 2061 1186; x_wconf 79' lang='grc' dir='ltr'>ἀγαγόντες</span> <span class='ocrx_word' id='word_1_25' title='bbox 2140 1091 2493 1168; x_wconf 83' lang='grc' dir='ltr'>παλλακὰς</span> <span class='ocrx_word' id='word_1_26' title='bbox 2590 1091 2789 1187; x_wconf 77' lang='grc' dir='ltr'>εἶχον.</span> <span class='ocrx_word' id='word_1_27' title='bbox 2929 1091 3158 1184; x_wconf 80' lang='lat' dir='ltr'><strong>Quam</strong></span> 
     </span>
     <span class='ocr_line' id='line_1_5' title="bbox 485 1225 3155 1325; baseline 0.001 -23"><span class='ocrx_word' id='word_1_28' title='bbox 485 1229 970 1302; x_wconf 80' lang='lat' dir='ltr'>narrationem</span> <span class='ocrx_word' id='word_1_29' title='bbox 1077 1229 1166 1302; x_wconf 90' lang='lat' dir='ltr'><strong>ab</strong></span> <span class='ocrx_word' id='word_1_30' title='bbox 1243 1231 1800 1304; x_wconf 83' lang='lat' dir='ltr'><strong>Atheniensibus</strong></span> <span class='ocrx_word' id='word_1_31' title='bbox 1879 1231 2057 1325; x_wconf 89' lang='lat' dir='ltr'><strong>ipsis</strong></span> <span class='ocrx_word' id='word_1_32' title='bbox 2144 1231 2221 1304; x_wconf 84' lang='lat' dir='ltr'><strong>in</strong></span> <span class='ocrx_word' id='word_1_33' title='bbox 2302 1231 2607 1307; x_wconf 87' lang='lat' dir='ltr'><strong>confinio</strong></span> <span class='ocrx_word' id='word_1_34' title='bbox 2692 1225 2814 1303; x_wconf 89' lang='lat' dir='ltr'><strong>VI.</strong></span> <span class='ocrx_word' id='word_1_35' title='bbox 2911 1236 2984 1305; x_wconf 89' lang='lat' dir='ltr'><strong>et</strong></span> <span class='ocrx_word' id='word_1_36' title='bbox 3063 1229 3155 1306; x_wconf 91' lang='lat' dir='ltr'><strong>V.</strong></span> 
     </span>
     <span class='ocr_line' id='line_1_6' title="bbox 364 1343 3160 1462; baseline 0 -22"><span class='ocrx_word' id='word_1_37' title='bbox 364 1343 378 1373; x_wconf 83' lang='grc'><strong>’</strong></span> <span class='ocrx_word' id='word_1_38' title='bbox 482 1367 749 1442; x_wconf 87' lang='lat' dir='ltr'><strong>saeculi</strong></span> <span class='ocrx_word' id='word_1_39' title='bbox 802 1387 939 1440; x_wconf 92' lang='lat' dir='ltr'><strong>non</strong></span> <span class='ocrx_word' id='word_1_40' title='bbox 992 1368 1132 1440; x_wconf 87' lang='lat' dir='ltr'><strong>nisi</strong></span> <span class='ocrx_word' id='word_1_41' title='bbox 1201 1369 1291 1440; x_wconf 91' lang='lat' dir='ltr'><strong>ad</strong></span> <span class='ocrx_word' id='word_1_42' title='bbox 1344 1367 1654 1441; x_wconf 80' lang='lat' dir='ltr'><strong>Lemni</strong></span> <span class='ocrx_word' id='word_1_43' title='bbox 1730 1369 2012 1442; x_wconf 90' lang='lat' dir='ltr'><strong>insulae</strong></span> <span class='ocrx_word' id='word_1_44' title='bbox 2095 1369 2635 1444; x_wconf 83' lang='lat' dir='ltr'><strong>vindicationem</strong></span> <span class='ocrx_word' id='word_1_45' title='bbox 2708 1369 3160 1462; x_wconf 89' lang='lat' dir='ltr'><strong>comproban-</strong></span> 
     </span>
     <span class='ocr_line' id='line_1_7' title="bbox 482 1490 3163 1600; baseline 0.001 -23"><span class='ocrx_word' id='word_1_46' title='bbox 482 1505 642 1577; x_wconf 89' lang='lat' dir='ltr'><strong>dam</strong></span> <span class='ocrx_word' id='word_1_47' title='bbox 697 1490 1504 1594; x_wconf 83' lang='lat' dir='ltr'><strong>Philaidarumque</strong></span> <span class='ocrx_word' id='word_1_48' title='bbox 1571 1506 1810 1596; x_wconf 82' lang='lat' dir='ltr'><strong>gentis</strong></span> <span class='ocrx_word' id='word_1_49' title='bbox 1865 1506 2164 1598; x_wconf 84' lang='lat' dir='ltr'><strong>gloriam</strong></span> <span class='ocrx_word' id='word_1_50' title='bbox 2208 1508 2835 1582; x_wconf 80' lang='lat' dir='ltr'><strong>concelebrandam</strong></span> <span class='ocrx_word' id='word_1_51' title='bbox 2890 1526 3163 1600; x_wconf 92' lang='lat' dir='ltr'><strong>compo·</strong></span> 
     </span>
     <span class='ocr_line' id='line_1_8' title="bbox 482 1638 3159 1744; baseline 0 -29"><span class='ocrx_word' id='word_1_52' title='bbox 482 1642 696 1716; x_wconf 85' lang='lat' dir='ltr'><strong>sitam</strong></span> <span class='ocrx_word' id='word_1_53' title='bbox 747 1663 934 1736; x_wconf 74' lang='lat' dir='ltr'><strong>esse,</strong></span> <span class='ocrx_word' id='word_1_54' title='bbox 988 1643 1388 1717; x_wconf 77' lang='lat' dir='ltr'><strong>etiamnunc</strong></span> <span class='ocrx_word' id='word_1_55' title='bbox 1432 1643 1838 1720; x_wconf 84' lang='lat' dir='ltr'><strong>luculenter</strong></span> <span class='ocrx_word' id='word_1_56' title='bbox 1891 1638 2375 1718; x_wconf 49' lang='lat' dir='ltr'><strong>demonstrari*</strong></span> <span class='ocrx_word' id='word_1_57' title='bbox 2422 1651 2683 1738; x_wconf 84' lang='lat' dir='ltr'><strong>potest.</strong></span> <span class='ocrx_word' id='word_1_58' title='bbox 2708 1639 2771 1744; x_wconf 78' lang='lat'><strong>¹)</strong></span> <span class='ocrx_word' id='word_1_59' title='bbox 2838 1643 3159 1719; x_wconf 86' lang='lat' dir='ltr'><strong>Eandem</strong></span> 
     </span>
     <span class='ocr_line' id='line_1_9' title="bbox 479 1780 3158 1877; baseline 0 -24"><span class='ocrx_word' id='word_1_60' title='bbox 479 1781 887 1854; x_wconf 88' lang='lat' dir='ltr'><strong>memoriam</strong></span> <span class='ocrx_word' id='word_1_61' title='bbox 965 1781 1254 1854; x_wconf 85' lang='lat' dir='ltr'><strong>exhibet</strong></span> <span class='ocrx_word' id='word_1_62' title='bbox 1331 1780 1888 1856; x_wconf 80' lang='lat' dir='ltr'><strong>Plutarchus</strong></span> <span class='ocrx_word' id='word_1_63' title='bbox 1967 1782 2055 1854; x_wconf 91' lang='lat' dir='ltr'><strong>de</strong></span> <span class='ocrx_word' id='word_1_64' title='bbox 2140 1783 2309 1855; x_wconf 91' lang='lat' dir='ltr'><strong>mul.</strong></span> <span class='ocrx_word' id='word_1_65' title='bbox 2362 1783 2520 1860; x_wconf 84' lang='lat' dir='ltr'><strong>virt.</strong></span> <span class='ocrx_word' id='word_1_66' title='bbox 2580 1783 2650 1856; x_wconf 84' lang='lat'><strong>8.</strong></span> <span class='ocrx_word' id='word_1_67' title='bbox 2766 1785 2929 1877; x_wconf 91' lang='lat' dir='ltr'><strong>Ipsa</strong></span> <span class='ocrx_word' id='word_1_68' title='bbox 2981 1781 3158 1855; x_wconf 87' lang='lat' dir='ltr'><strong>haec</strong></span> 
     </span>
     <span class='ocr_line' id='line_1_10' title="bbox 481 1916 3161 2014; baseline 0.001 -20"><span class='ocrx_word' id='word_1_69' title='bbox 481 1918 725 1994; x_wconf 86' lang='lat' dir='ltr'><strong>fabula</strong></span> <span class='ocrx_word' id='word_1_70' title='bbox 775 1919 850 1992; x_wconf 90' lang='lat' dir='ltr'><strong>in</strong></span> <span class='ocrx_word' id='word_1_71' title='bbox 907 1916 1462 1993; x_wconf 84' lang='lat' dir='ltr'><strong>Atheniensium</strong></span> <span class='ocrx_word' id='word_1_72' title='bbox 1515 1920 1892 1994; x_wconf 80' lang='lat' dir='ltr'><strong>annalibus</strong></span> <span class='ocrx_word' id='word_1_73' title='bbox 1945 1919 2085 1994; x_wconf 85' lang='lat' dir='ltr'><strong>fuit</strong></span> <span class='ocrx_word' id='word_1_74' title='bbox 2130 1922 2505 2014; x_wconf 86' lang='lat' dir='ltr'><strong>descripta.</strong></span> <span class='ocrx_word' id='word_1_75' title='bbox 2640 1919 2979 1995; x_wconf 82' lang='lat' dir='ltr'><strong>Cernitur</strong></span> <span class='ocrx_word' id='word_1_76' title='bbox 3028 1921 3161 1996; x_wconf 90' lang='lat' dir='ltr'><strong>hoc</strong></span> 
     </span>
     <span class='ocr_line' id='line_1_11' title="bbox 481 2041 3154 2149; baseline -0 -18"><span class='ocrx_word' id='word_1_77' title='bbox 481 2079 570 2131; x_wconf 86' lang='lat' dir='ltr'><strong>ex</strong></span> <span class='ocrx_word' id='word_1_78' title='bbox 643 2056 1158 2132; x_wconf 87' lang='lat' dir='ltr'><strong>Philochori</strong></span> <span class='ocrx_word' id='word_1_79' title='bbox 1233 2056 1642 2132; x_wconf 88' lang='lat' dir='ltr'><strong>testimonio</strong></span> <span class='ocrx_word' id='word_1_80' title='bbox 1733 2041 2103 2149; x_wconf 80' lang='lat' dir='ltr'><strong>paulisper</strong></span> <span class='ocrx_word' id='word_1_81' title='bbox 2156 2051 2315 2130; x_wconf 67' lang='lat' dir='ltr'><strong>‘iam</strong></span> <span class='ocrx_word' id='word_1_82' title='bbox 2396 2055 2778 2132; x_wconf 85' lang='lat' dir='ltr'><strong>infuscato:</strong></span> <span class='ocrx_word' id='word_1_83' title='bbox 2916 2055 3154 2137; x_wconf 85' lang='lat' dir='ltr'><strong>Schol.</strong></span> 
     </span>
     <span class='ocr_line' id='line_1_12' title="bbox 471 2188 3154 2293; baseline 0.003 -29"><span class='ocrx_word' id='word_1_84' title='bbox 471 2188 589 2265; x_wconf 86' lang='grc' dir='ltr'><strong>Ἰλ.</strong></span> <span class='ocrx_word' id='word_1_85' title='bbox 646 2188 730 2266; x_wconf 91' lang='grc' dir='ltr'><strong>Α.</strong></span> <span class='ocrx_word' id='word_1_86' title='bbox 790 2195 972 2268; x_wconf 85' lang='grc'><strong>594;</strong></span> <span class='ocrx_word' id='word_1_87' title='bbox 1030 2189 1392 2293; x_wconf 84' lang='grc' dir='ltr'>Φιλόχορός</span> <span class='ocrx_word' id='word_1_88' title='bbox 1440 2221 1603 2293; x_wconf 84' lang='grc' dir='ltr'>φησι</span> <span class='ocrx_word' id='word_1_89' title='bbox 1655 2190 2048 2290; x_wconf 84' lang='grc' dir='ltr'>Πελασγοὺς</span> <span class='ocrx_word' id='word_1_90' title='bbox 2102 2192 2343 2271; x_wconf 83' lang='grc' dir='ltr'>αὐτοὺς</span> <span class='ocrx_word' id='word_1_91' title='bbox 2390 2191 2571 2292; x_wconf 84' lang='grc' dir='ltr'>(τοὺς</span> <span class='ocrx_word' id='word_1_92' title='bbox 2622 2193 2907 2290; x_wconf 77' lang='grc' dir='ltr'>Σίντιας)</span> <span class='ocrx_word' id='word_1_93' title='bbox 2960 2193 3154 2273; x_wconf 74' lang='grc' dir='ltr'>ὄντας</span> 
     </span>
     <span class='ocr_line' id='line_1_13' title="bbox 480 2325 3155 2432; baseline 0 -30"><span class='ocrx_word' id='word_1_94' title='bbox 480 2331 654 2403; x_wconf 79' lang='grc' dir='ltr'>οὕτω</span> <span class='ocrx_word' id='word_1_95' title='bbox 706 2331 1353 2432; x_wconf 81' lang='grc' dir='ltr'>προσαγορευθῆναι,</span> <span class='ocrx_word' id='word_1_96' title='bbox 1407 2333 1556 2404; x_wconf 81' lang='grc' dir='ltr'>ἐπεὶ</span> <span class='ocrx_word' id='word_1_97' title='bbox 1603 2332 2014 2410; x_wconf 81' lang='grc' dir='ltr'>πλεύσαντες</span> <span class='ocrx_word' id='word_1_98' title='bbox 2068 2333 2162 2409; x_wconf 85' lang='grc' dir='ltr'><strong>εἰς</strong></span> <span class='ocrx_word' id='word_1_99' title='bbox 2215 2326 2684 2431; x_wconf 83' lang='grc' dir='ltr'>Βραυρῶνα</span> <span class='ocrx_word' id='word_1_100' title='bbox 2735 2325 3155 2432; x_wconf 71' lang='grc' dir='ltr'>κανηὲρόρους</span> 
     </span>
     <span class='ocr_line' id='line_1_14' title="bbox 477 2467 3153 2569; baseline 0.001 -28"><span class='ocrx_word' id='word_1_101' title='bbox 477 2467 856 2569; x_wconf 80' lang='grc' dir='ltr'>παρθένους</span> <span class='ocrx_word' id='word_1_102' title='bbox 891 2469 1232 2569; x_wconf 81' lang='grc' dir='ltr'>ἥρπασαν.</span> <span class='ocrx_word' id='word_1_103' title='bbox 1289 2470 1666 2565; x_wconf 80' lang='lat' dir='ltr'><strong>Copiosior</strong></span> <span class='ocrx_word' id='word_1_104' title='bbox 1697 2472 1786 2546; x_wconf 92' lang='lat' dir='ltr'><strong>de</strong></span> <span class='ocrx_word' id='word_1_105' title='bbox 1823 2473 1955 2546; x_wconf 88' lang='lat' dir='ltr'><strong>hac</strong></span> <span class='ocrx_word' id='word_1_106' title='bbox 1990 2493 2069 2544; x_wconf 91' lang='lat' dir='ltr'><strong>re</strong></span> <span class='ocrx_word' id='word_1_107' title='bbox 2106 2478 2619 2548; x_wconf 88' lang='lat' dir='ltr'><strong>commentator</strong></span> <span class='ocrx_word' id='word_1_108' title='bbox 2653 2473 2742 2546; x_wconf 88' lang='lat' dir='ltr'><strong>ad</strong></span> <span class='ocrx_word' id='word_1_109' title='bbox 2776 2470 2841 2546; x_wconf 90' lang='lat' dir='ltr'>L</span> <span class='ocrx_word' id='word_1_110' title='bbox 2863 2494 2908 2545; x_wconf 90' lang='lat' dir='ltr'><strong>u</strong></span> <span class='ocrx_word' id='word_1_111' title='bbox 2929 2473 3153 2548; x_wconf 77' lang='lat' dir='ltr'><strong>cian.</strong></span> 
     </span>
     <span class='ocr_line' id='line_1_15' title="bbox 481 2605 3154 2708; baseline 0 -27"><span class='ocrx_word' id='word_1_112' title='bbox 481 2609 770 2682; x_wconf 84' lang='grc' dir='ltr'>καταπλ.</span> <span class='ocrx_word' id='word_1_113' title='bbox 823 2615 864 2685; x_wconf 88' lang='grc'>1</span> <span class='ocrx_word' id='word_1_114' title='bbox 921 2611 1224 2686; x_wconf 90' lang='lat' dir='ltr'><strong>eundem</strong></span> <span class='ocrx_word' id='word_1_115' title='bbox 1273 2612 1776 2688; x_wconf 88' lang='lat' dir='ltr'><strong>Philochorum</strong></span> <span class='ocrx_word' id='word_1_116' title='bbox 1834 2611 2153 2688; x_wconf 87' lang='lat' dir='ltr'><strong>excitans</strong></span> <span class='ocrx_word' id='word_1_117' title='bbox 2208 2617 2501 2687; x_wconf 75' lang='lat' dir='ltr'><strong>testemz</strong></span> <span class='ocrx_word' id='word_1_118' title='bbox 2574 2605 2815 2708; x_wconf 82' lang='grc' dir='ltr'><strong>Χρόνῳ</strong></span> <span class='ocrx_word' id='word_1_119' title='bbox 2855 2609 2931 2681; x_wconf 84' lang='grc' dir='ltr'><strong>δὲ</strong></span> <span class='ocrx_word' id='word_1_120' title='bbox 2960 2609 3154 2682; x_wconf 78' lang='grc' dir='ltr'>ὕστε-</span> 
     </span>
     <span class='ocr_line' id='line_1_16' title="bbox 485 2741 3157 2848; baseline 0.002 -29"><span class='ocrx_word' id='word_1_121' title='bbox 485 2773 597 2848; x_wconf 91' lang='grc' dir='ltr'><strong>ρον</strong></span> <span class='ocrx_word' id='word_1_122' title='bbox 664 2747 798 2820; x_wconf 81' lang='grc' dir='ltr'><strong>ἀπὸ</strong></span> <span class='ocrx_word' id='word_1_123' title='bbox 855 2749 1110 2847; x_wconf 80' lang='grc' dir='ltr'>ταύτης</span> <span class='ocrx_word' id='word_1_124' title='bbox 1172 2757 1292 2847; x_wconf 85' lang='grc' dir='ltr'>τῆς</span> <span class='ocrx_word' id='word_1_125' title='bbox 1364 2751 1580 2827; x_wconf 81' lang='grc' dir='ltr'>αἰτίας</span> <span class='ocrx_word' id='word_1_126' title='bbox 1657 2747 2030 2848; x_wconf 83' lang='grc' dir='ltr'>ἐχθρωδῶς</span> <span class='ocrx_word' id='word_1_127' title='bbox 2099 2748 2489 2844; x_wconf 80' lang='grc' dir='ltr'>διακείμενοι</span> <span class='ocrx_word' id='word_1_128' title='bbox 2569 2751 2703 2825; x_wconf 83' lang='grc' dir='ltr'>τοῖς</span> <span class='ocrx_word' id='word_1_129' title='bbox 2758 2741 3157 2845; x_wconf 74' lang='grc' dir='ltr'>Ἀθηναίοις</span> 
     </span>
     <span class='ocr_line' id='line_1_17' title="bbox 485 2861 3154 2986; baseline 0.002 -28"><span class='ocrx_word' id='word_1_130' title='bbox 485 2887 812 2985; x_wconf 80' lang='grc' dir='ltr'>ὥρμησαν</span> <span class='ocrx_word' id='word_1_131' title='bbox 857 2887 950 2963; x_wconf 82' lang='grc' dir='ltr'><strong>εἰς</strong></span> <span class='ocrx_word' id='word_1_132' title='bbox 992 2885 1198 2959; x_wconf 79' lang='grc' dir='ltr'>πλοῖα</span> <span class='ocrx_word' id='word_1_133' title='bbox 1248 2888 1358 2959; x_wconf 85' lang='grc' dir='ltr'><strong>καὶ</strong></span> <span class='ocrx_word' id='word_1_134' title='bbox 1403 2888 1851 2984; x_wconf 85' lang='grc' dir='ltr'>κατασχόντες</span> <span class='ocrx_word' id='word_1_135' title='bbox 1909 2886 2002 2964; x_wconf 80' lang='grc' dir='ltr'><strong>εἷς</strong></span> <span class='ocrx_word' id='word_1_136' title='bbox 2047 2861 2429 2986; x_wconf 83' lang='grc' dir='ltr'>Βραυρῶνα</span> <span class='ocrx_word' id='word_1_137' title='bbox 2479 2893 2600 2985; x_wconf 81' lang='grc' dir='ltr'>τῆς</span> <span class='ocrx_word' id='word_1_138' title='bbox 2643 2878 2972 2984; x_wconf 76' lang='grc' dir='ltr'>Ἀττικῆς,</span> <span class='ocrx_word' id='word_1_139' title='bbox 3024 2886 3154 2986; x_wconf 84' lang='grc' dir='ltr'><strong>ἥρ-</strong></span> 
     </span>
     <span class='ocr_line' id='line_1_18' title="bbox 482 3020 3157 3124; baseline 0.002 -29"><span class='ocrx_word' id='word_1_140' title='bbox 482 3049 711 3096; x_wconf 88' lang='grc' dir='ltr'>πασαν</span> <span class='ocrx_word' id='word_1_141' title='bbox 769 3022 1149 3122; x_wconf 81' lang='grc' dir='ltr'>παρθένους</span> <span class='ocrx_word' id='word_1_142' title='bbox 1189 3024 1696 3123; x_wconf 65' lang='grc' dir='ltr'><strong>ιοὶρκτευομένας</strong></span> <span class='ocrx_word' id='word_1_143' title='bbox 1760 3026 1847 3124; x_wconf 85' lang='grc' dir='ltr'>τῇ</span> <span class='ocrx_word' id='word_1_144' title='bbox 1901 3024 2049 3124; x_wconf 77' lang='grc' dir='ltr'><strong>θεῷ</strong></span> <span class='ocrx_word' id='word_1_145' title='bbox 2103 3026 2172 3097; x_wconf 87' lang='grc' dir='ltr'><strong>ἐν</strong></span> <span class='ocrx_word' id='word_1_146' title='bbox 2232 3020 2704 3124; x_wconf 81' lang='grc' dir='ltr'>Βραυρωνίοις.</span> <span class='ocrx_word' id='word_1_147' title='bbox 2837 3024 2948 3099; x_wconf 87' lang='lat' dir='ltr'><strong>Ex</strong></span> <span class='ocrx_word' id='word_1_148' title='bbox 3024 3026 3157 3101; x_wconf 92' lang='lat' dir='ltr'><strong>hoc</strong></span> 
     </span>
     <span class='ocr_line' id='line_1_19' title="bbox 483 3164 3157 3261; baseline 0.001 -26"><span class='ocrx_word' id='word_1_149' title='bbox 483 3166 702 3256; x_wconf 82' lang='lat' dir='ltr'><strong>igitur</strong></span> <span class='ocrx_word' id='word_1_150' title='bbox 730 3165 1134 3239; x_wconf 91' lang='lat' dir='ltr'><strong>testimonio</strong></span> <span class='ocrx_word' id='word_1_151' title='bbox 1187 3187 1354 3259; x_wconf 78' lang='lat' dir='ltr'><strong>non,</strong></span> <span class='ocrx_word' id='word_1_152' title='bbox 1406 3166 1591 3241; x_wconf 88' lang='lat' dir='ltr'><strong>sicut</strong></span> <span class='ocrx_word' id='word_1_153' title='bbox 1641 3165 1830 3261; x_wconf 82' lang='lat' dir='ltr'><strong>apud</strong></span> <span class='ocrx_word' id='word_1_154' title='bbox 1868 3164 2313 3238; x_wconf 89' lang='lat' dir='ltr'><strong>Herodotum</strong></span> <span class='ocrx_word' id='word_1_155' title='bbox 2370 3166 2705 3257; x_wconf 88' lang='lat' dir='ltr'><strong>scriptum</strong></span> <span class='ocrx_word' id='word_1_156' title='bbox 2762 3170 2897 3257; x_wconf 85' lang='lat' dir='ltr'><strong>est,</strong></span> <span class='ocrx_word' id='word_1_157' title='bbox 2941 3165 3157 3238; x_wconf 87' lang='lat' dir='ltr'><strong>Athe·</strong></span> 
     </span>
     <span class='ocr_line' id='line_1_20' title="bbox 484 3302 3153 3396; baseline 0 -22"><span class='ocrx_word' id='word_1_158' title='bbox 484 3302 834 3376; x_wconf 88' lang='lat' dir='ltr'><strong>niensium</strong></span> <span class='ocrx_word' id='word_1_159' title='bbox 873 3303 1236 3395; x_wconf 83' lang='lat' dir='ltr'><strong>mulieres,</strong></span> <span class='ocrx_word' id='word_1_160' title='bbox 1291 3303 1415 3377; x_wconf 92' lang='lat' dir='ltr'><strong>sed</strong></span> <span class='ocrx_word' id='word_1_161' title='bbox 1452 3303 1767 3396; x_wconf 83' lang='lat' dir='ltr'><strong>puellae,</strong></span> <span class='ocrx_word' id='word_1_162' title='bbox 1820 3304 2167 3379; x_wconf 89' lang='lat' dir='ltr'><strong>decimum</strong></span> <span class='ocrx_word' id='word_1_163' title='bbox 2208 3304 2470 3376; x_wconf 87' lang='lat' dir='ltr'><strong>aetatis</strong></span> <span class='ocrx_word' id='word_1_164' title='bbox 2525 3323 2787 3375; x_wconf 90' lang='lat' dir='ltr'><strong>annum</strong></span> <span class='ocrx_word' id='word_1_165' title='bbox 2842 3302 3153 3381; x_wconf 87' lang='lat' dir='ltr'><strong>nondum</strong></span> 
     </span>
     <span class='ocr_line' id='line_1_21' title="bbox 484 3422 3153 3539; baseline 0 -26"><span class='ocrx_word' id='word_1_166' title='bbox 484 3461 836 3531; x_wconf 83' lang='lat' dir='ltr'><strong>egressae,</strong></span> <span class='ocrx_word' id='word_1_167' title='bbox 891 3441 980 3515; x_wconf 92' lang='lat' dir='ltr'><strong>ab</strong></span> <span class='ocrx_word' id='word_1_168' title='bbox 1032 3442 1357 3515; x_wconf 90' lang='lat' dir='ltr'><strong>hostibus</strong></span> <span class='ocrx_word' id='word_1_169' title='bbox 1395 3422 1842 3515; x_wconf 81' lang='lat' dir='ltr'><strong>auferuntur.</strong></span> <span class='ocrx_word' id='word_1_170' title='bbox 1857 3437 1922 3539; x_wconf 71' lang='grc'><strong>2)</strong></span> <span class='ocrx_word' id='word_1_171' title='bbox 2004 3440 2505 3515; x_wconf 86' lang='lat' dir='ltr'><strong>Recentiorem</strong></span> <span class='ocrx_word' id='word_1_172' title='bbox 2531 3440 2711 3513; x_wconf 86' lang='lat' dir='ltr'><strong>hanc</strong></span> <span class='ocrx_word' id='word_1_173' title='bbox 2745 3440 3153 3513; x_wconf 87' lang='lat' dir='ltr'><strong>memoriam</strong></span> 
     </span>
     <span class='ocr_line' id='line_1_22' title="bbox 481 3554 3153 3671; baseline 0 -20"><span class='ocrx_word' id='word_1_174' title='bbox 481 3596 634 3651; x_wconf 90' lang='lat' dir='ltr'><strong>cum</strong></span> <span class='ocrx_word' id='word_1_175' title='bbox 683 3579 1041 3652; x_wconf 81' lang='lat' dir='ltr'><strong>veteriore</strong></span> <span class='ocrx_word' id='word_1_176' title='bbox 1115 3579 1242 3651; x_wconf 91' lang='lat' dir='ltr'><strong>illa</strong></span> <span class='ocrx_word' id='word_1_177' title='bbox 1318 3576 1601 3653; x_wconf 87' lang='lat' dir='ltr'><strong>fabulae</strong></span> <span class='ocrx_word' id='word_1_178' title='bbox 1672 3579 1900 3653; x_wconf 84' lang='lat' dir='ltr'><strong>forma</strong></span> <span class='ocrx_word' id='word_1_179' title='bbox 1973 3554 2501 3671; x_wconf 57' lang='lat' dir='ltr'><strong>coagmentavit</strong></span> <span class='ocrx_word' id='word_1_180' title='bbox 2573 3578 3153 3654; x_wconf 87' lang='lat' dir='ltr'><strong>Plutarchus</strong></span> 
     </span>
     <span class='ocr_line' id='line_1_23' title="bbox 484 3711 3157 3816; baseline 0.001 -27"><span class='ocrx_word' id='word_1_181' title='bbox 484 3715 728 3808; x_wconf 80' lang='lat' dir='ltr'><strong>Qaest.</strong></span> <span class='ocrx_word' id='word_1_182' title='bbox 759 3716 1252 3793; x_wconf 82' lang='lat' dir='ltr'><strong>Graec.c.21:</strong></span> <span class='ocrx_word' id='word_1_183' title='bbox 1305 3713 1688 3816; x_wconf 82' lang='grc' dir='ltr'>Τυρῤηνοός</span> <span class='ocrx_word' id='word_1_184' title='bbox 1740 3743 1904 3815; x_wconf 84' lang='grc' dir='ltr'>φασι</span> <span class='ocrx_word' id='word_1_185' title='bbox 1953 3717 2107 3795; x_wconf 85' lang='grc' dir='ltr'>τοὺς</span> <span class='ocrx_word' id='word_1_186' title='bbox 2158 3718 2276 3794; x_wconf 80' lang='grc' dir='ltr'>τὰς</span> <span class='ocrx_word' id='word_1_187' title='bbox 2321 3711 2716 3814; x_wconf 82' lang='grc' dir='ltr'>Ἀθηναίων</span> <span class='ocrx_word' id='word_1_188' title='bbox 2770 3713 3157 3814; x_wconf 83' lang='grc' dir='ltr'>θυγατέρας</span> 
     </span>
    </p>
   </div>
   <div class='ocr_carea' id='block_1_3' title="bbox 483 3918 729 3932">
    <p class='ocr_par' dir='ltr' id='par_1_3' title="bbox 483 3918 729 3932">
     <span class='ocr_line' id='line_1_24' title="bbox 483 3918 729 3932; baseline 0 1858"><span class='ocrx_word' id='word_1_189' title='bbox 483 3918 729 3932; x_wconf 95' lang='lat' dir='ltr'><strong> </strong></span> 
     </span>
    </p>
   </div>
   <div class='ocr_carea' id='block_1_4' title="bbox 735 3922 1100 3933">
    <p class='ocr_par' dir='ltr' id='par_1_4' title="bbox 735 3922 1100 3933">
     <span class='ocr_line' id='line_1_25' title="bbox 735 3922 1100 3933; baseline 0 1857"><span class='ocrx_word' id='word_1_190' title='bbox 735 3922 1100 3933; x_wconf 95' lang='lat' dir='ltr'><strong> </strong></span> 
     </span>
    </p>
   </div>
   <div class='ocr_carea' id='block_1_5' title="bbox 468 4023 3157 5066">
    <p class='ocr_par' dir='ltr' id='par_1_5' title="bbox 468 4023 3157 5066">
     <span class='ocr_line' id='line_1_26' title="bbox 500 4023 3153 4111; baseline 0.001 -21"><span class='ocrx_word' id='word_1_191' title='bbox 500 4034 513 4048; x_wconf 85' lang='grc'><em>“</em></span> <span class='ocrx_word' id='word_1_192' title='bbox 681 4026 756 4107; x_wconf 83' lang='grc'><strong>1]</strong></span> <span class='ocrx_word' id='word_1_193' title='bbox 846 4023 1042 4107; x_wconf 79' lang='lat' dir='ltr'><strong>Quod</strong></span> <span class='ocrx_word' id='word_1_194' title='bbox 1117 4026 1284 4090; x_wconf 87' lang='lat' dir='ltr'><strong>satis</strong></span> <span class='ocrx_word' id='word_1_195' title='bbox 1347 4046 1434 4091; x_wconf 86' lang='lat' dir='ltr'><strong>ex</strong></span> <span class='ocrx_word' id='word_1_196' title='bbox 1477 4026 1558 4091; x_wconf 85' lang='lat' dir='ltr'><strong>iis</strong></span> <span class='ocrx_word' id='word_1_197' title='bbox 1603 4026 1903 4110; x_wconf 83' lang='lat' dir='ltr'><strong>adparet,</strong></span> <span class='ocrx_word' id='word_1_198' title='bbox 1979 4045 2154 4111; x_wconf 87' lang='lat' dir='ltr'><strong>quae</strong></span> <span class='ocrx_word' id='word_1_199' title='bbox 2209 4026 2276 4091; x_wconf 91' lang='lat' dir='ltr'><strong>in</strong></span> <span class='ocrx_word' id='word_1_200' title='bbox 2324 4028 2459 4093; x_wconf 87' lang='lat' dir='ltr'><strong>fine</strong></span> <span class='ocrx_word' id='word_1_201' title='bbox 2502 4027 2701 4091; x_wconf 88' lang='lat' dir='ltr'><strong>huius</strong></span> <span class='ocrx_word' id='word_1_202' title='bbox 2749 4027 2901 4092; x_wconf 86' lang='lat' dir='ltr'><strong>libri</strong></span> <span class='ocrx_word' id='word_1_203' title='bbox 2950 4043 3153 4111; x_wconf 87' lang='lat' dir='ltr'><strong>expo·</strong></span> 
     </span>
     <span class='ocr_line' id='line_1_27' title="bbox 476 4110 3156 4199; baseline 0 -22"><span class='ocrx_word' id='word_1_204' title='bbox 476 4110 608 4177; x_wconf 85' lang='lat' dir='ltr'><strong>sita</strong></span> <span class='ocrx_word' id='word_1_205' title='bbox 674 4116 872 4178; x_wconf 84' lang='lat' dir='ltr'><strong>sunt:</strong></span> <span class='ocrx_word' id='word_1_206' title='bbox 943 4112 1193 4181; x_wconf 89' lang='lat' dir='ltr'><strong>Herod.</strong></span> <span class='ocrx_word' id='word_1_207' title='bbox 1239 4110 1350 4195; x_wconf 85' lang='lat' dir='ltr'><strong>VI,</strong></span> <span class='ocrx_word' id='word_1_208' title='bbox 1422 4112 1568 4178; x_wconf 87' lang='lat'><strong>139.</strong></span> <span class='ocrx_word' id='word_1_209' title='bbox 1622 4114 1778 4180; x_wconf 66' lang='lat'><strong>1⁴0.</strong></span> <span class='ocrx_word' id='word_1_210' title='bbox 1839 4168 1854 4175; x_wconf 88' lang='lat'><strong>-</strong></span> <span class='ocrx_word' id='word_1_211' title='bbox 1899 4112 2161 4179; x_wconf 79' lang='lat' dir='ltr'><strong>Eodem</strong></span> <span class='ocrx_word' id='word_1_212' title='bbox 2227 4118 2487 4199; x_wconf 82' lang='lat' dir='ltr'><strong>spectet</strong></span> <span class='ocrx_word' id='word_1_213' title='bbox 2554 4112 2751 4179; x_wconf 90' lang='lat' dir='ltr'><strong>Diod.</strong></span> <span class='ocrx_word' id='word_1_214' title='bbox 2800 4112 2888 4179; x_wconf 82' lang='lat' dir='ltr'><strong>X.</strong></span> <span class='ocrx_word' id='word_1_215' title='bbox 2939 4112 3025 4179; x_wconf 78' lang='lat' dir='ltr'><strong>fr.</strong></span> <span class='ocrx_word' id='word_1_216' title='bbox 3068 4114 3156 4179; x_wconf 74' lang='lat'><strong>⁴8</strong></span> 
     </span>
     <span class='ocr_line' id='line_1_28' title="bbox 473 4196 3157 4285; baseline 0.001 -22"><span class='ocrx_word' id='word_1_217' title='bbox 473 4196 684 4266; x_wconf 80' lang='lat' dir='ltr'><strong>Bekk.</strong></span> <span class='ocrx_word' id='word_1_218' title='bbox 787 4198 1236 4264; x_wconf 79' lang='lat' dir='ltr'><strong>Athenienses</strong></span> <span class='ocrx_word' id='word_1_219' title='bbox 1302 4199 1620 4264; x_wconf 88' lang='lat' dir='ltr'><strong>nimirum</strong></span> <span class='ocrx_word' id='word_1_220' title='bbox 1688 4220 1832 4265; x_wconf 88' lang='lat' dir='ltr'><strong>rem</strong></span> <span class='ocrx_word' id='word_1_221' title='bbox 1902 4199 2063 4263; x_wconf 88' lang='lat' dir='ltr'><strong>inde</strong></span> <span class='ocrx_word' id='word_1_222' title='bbox 2127 4219 2169 4265; x_wconf 87' lang='lat' dir='ltr'><strong>a</strong></span> <span class='ocrx_word' id='word_1_223' title='bbox 2234 4200 2687 4266; x_wconf 85' lang='lat' dir='ltr'><strong>remotissima</strong></span> <span class='ocrx_word' id='word_1_224' title='bbox 2754 4202 3157 4285; x_wconf 87' lang='lat' dir='ltr'><strong>antiquitate</strong></span> 
     </span>
     <span class='ocr_line' id='line_1_29' title="bbox 474 4284 3157 4371; baseline 0.001 -22"><span class='ocrx_word' id='word_1_225' title='bbox 474 4289 947 4369; x_wconf 82' lang='lat' dir='ltr'><strong>repetiverunt,</strong></span> <span class='ocrx_word' id='word_1_226' title='bbox 999 4286 1299 4370; x_wconf 88' lang='lat' dir='ltr'><strong>ipsorum</strong></span> <span class='ocrx_word' id='word_1_227' title='bbox 1323 4284 1877 4368; x_wconf 80' lang='lat' dir='ltr'><strong>Argonautarum</strong></span> <span class='ocrx_word' id='word_1_228' title='bbox 1925 4293 2331 4371; x_wconf 83' lang='lat' dir='ltr'><strong>pronepotes</strong></span> <span class='ocrx_word' id='word_1_229' title='bbox 2364 4306 2405 4352; x_wconf 87' lang='lat' dir='ltr'><strong>a</strong></span> <span class='ocrx_word' id='word_1_230' title='bbox 2434 4286 2755 4371; x_wconf 84' lang='lat' dir='ltr'><strong>Pelasgis,</strong></span> <span class='ocrx_word' id='word_1_231' title='bbox 2799 4288 2914 4370; x_wconf 89' lang='lat' dir='ltr'><strong>qui</strong></span> <span class='ocrx_word' id='word_1_232' title='bbox 2948 4288 3157 4352; x_wconf 87' lang='lat' dir='ltr'><strong>Brau-</strong></span> 
     </span>
     <span class='ocr_line' id='line_1_30' title="bbox 471 4372 3154 4455; baseline 0.001 -18"><span class='ocrx_word' id='word_1_233' title='bbox 471 4390 639 4437; x_wconf 90' lang='lat' dir='ltr'><strong>rone</strong></span> <span class='ocrx_word' id='word_1_234' title='bbox 688 4373 1204 4438; x_wconf 80' lang='lat' dir='ltr'><strong>Atheniensium</strong></span> <span class='ocrx_word' id='word_1_235' title='bbox 1250 4373 1570 4439; x_wconf 89' lang='lat' dir='ltr'><strong>mulieres</strong></span> <span class='ocrx_word' id='word_1_236' title='bbox 1615 4372 2078 4455; x_wconf 79' lang='lat' dir='ltr'><strong>abstulissent,</strong></span> <span class='ocrx_word' id='word_1_237' title='bbox 2158 4374 2415 4439; x_wconf 87' lang='lat' dir='ltr'><strong>Lemno</strong></span> <span class='ocrx_word' id='word_1_238' title='bbox 2472 4376 2721 4440; x_wconf 88' lang='lat' dir='ltr'><strong>eiectos</strong></span> <span class='ocrx_word' id='word_1_239' title='bbox 2768 4391 2923 4440; x_wconf 82' lang='lat' dir='ltr'><strong>esse</strong></span> <span class='ocrx_word' id='word_1_240' title='bbox 2965 4378 3154 4440; x_wconf 87' lang='lat' dir='ltr'><strong>autu-</strong></span> 
     </span>
     <span class='ocr_line' id='line_1_31' title="bbox 473 4458 3156 4544; baseline 0 -20"><span class='ocrx_word' id='word_1_241' title='bbox 473 4464 772 4525; x_wconf 77' lang='lat' dir='ltr'><strong>mantes:</strong></span> <span class='ocrx_word' id='word_1_242' title='bbox 849 4458 1103 4524; x_wconf 80' lang='lat' dir='ltr'><strong>Herod.</strong></span> <span class='ocrx_word' id='word_1_243' title='bbox 1137 4458 1255 4531; x_wconf 74' lang='grc' dir='ltr'><strong>ΠΤ,</strong></span> <span class='ocrx_word' id='word_1_244' title='bbox 1305 4459 1471 4524; x_wconf 71' lang='grc'><strong>1452</strong></span> <span class='ocrx_word' id='word_1_245' title='bbox 1543 4464 1665 4531; x_wconf 80' lang='grc' dir='ltr'><strong>τῶν</strong></span> <span class='ocrx_word' id='word_1_246' title='bbox 1706 4460 1773 4525; x_wconf 77' lang='grc' dir='ltr'><strong>ἐκ</strong></span> <span class='ocrx_word' id='word_1_247' title='bbox 1810 4463 1914 4539; x_wconf 76' lang='grc' dir='ltr'><strong>τῆς</strong></span> <span class='ocrx_word' id='word_1_248' title='bbox 1949 4458 2210 4544; x_wconf 71' lang='grc' dir='ltr'><strong>Ἀργοῦς</strong></span> <span class='ocrx_word' id='word_1_249' title='bbox 2249 4460 2589 4543; x_wconf 76' lang='grc' dir='ltr'>ἐπιβατέων</span> <span class='ocrx_word' id='word_1_250' title='bbox 2626 4462 2867 4525; x_wconf 73' lang='grc' dir='ltr'>παίδων</span> <span class='ocrx_word' id='word_1_251' title='bbox 2934 4462 3156 4537; x_wconf 79' lang='grc' dir='ltr'>παῖδες</span> 
     </span>
     <span class='ocr_line' id='line_1_32' title="bbox 471 4540 3157 4631; baseline 0 -22"><span class='ocrx_word' id='word_1_252' title='bbox 471 4543 866 4627; x_wconf 73' lang='grc' dir='ltr'>ἐξελαθέντες</span> <span class='ocrx_word' id='word_1_253' title='bbox 906 4540 1023 4610; x_wconf 70' lang='grc' dir='ltr'><strong>ὕπὸ</strong></span> <span class='ocrx_word' id='word_1_254' title='bbox 1067 4548 1408 4629; x_wconf 80' lang='grc' dir='ltr'>Πελασγῶν</span> <span class='ocrx_word' id='word_1_255' title='bbox 1467 4549 1589 4611; x_wconf 76' lang='grc' dir='ltr'><strong>τῶν</strong></span> <span class='ocrx_word' id='word_1_256' title='bbox 1653 4548 1720 4611; x_wconf 78' lang='grc' dir='ltr'><strong>ἐκ</strong></span> <span class='ocrx_word' id='word_1_257' title='bbox 1771 4548 2140 4631; x_wconf 82' lang='grc' dir='ltr'>Βραυρῶνος</span> <span class='ocrx_word' id='word_1_258' title='bbox 2202 4551 2577 4631; x_wconf 78' lang='grc' dir='ltr'>ληισαμένων</span> <span class='ocrx_word' id='word_1_259' title='bbox 2637 4550 2747 4623; x_wconf 75' lang='grc' dir='ltr'><strong>τὰς</strong></span> <span class='ocrx_word' id='word_1_260' title='bbox 2798 4546 3157 4628; x_wconf 72' lang='grc' dir='ltr'>Ἀθηναίων</span> 
     </span>
     <span class='ocr_line' id='line_1_33' title="bbox 468 4632 3152 4717; baseline 0.001 -23"><span class='ocrx_word' id='word_1_261' title='bbox 468 4641 750 4713; x_wconf 77' lang='grc' dir='ltr'>γυναῖκας</span> <span class='ocrx_word' id='word_1_262' title='bbox 793 4649 898 4714; x_wconf 85' lang='lat' dir='ltr'><strong>sq.</strong></span> <span class='ocrx_word' id='word_1_263' title='bbox 991 4632 1313 4696; x_wconf 88' lang='lat' dir='ltr'><strong>Veterum</strong></span> <span class='ocrx_word' id='word_1_264' title='bbox 1359 4634 1764 4717; x_wconf 86' lang='lat' dir='ltr'><strong>scriptorum</strong></span> <span class='ocrx_word' id='word_1_265' title='bbox 1811 4635 2196 4701; x_wconf 86' lang='lat' dir='ltr'><strong>testimonia</strong></span> <span class='ocrx_word' id='word_1_266' title='bbox 2242 4632 2327 4711; x_wconf 79' lang='lat' dir='ltr'><strong>ad</strong></span> <span class='ocrx_word' id='word_1_267' title='bbox 2376 4634 2693 4715; x_wconf 85' lang='lat' dir='ltr'><strong>Pelasgos</strong></span> <span class='ocrx_word' id='word_1_268' title='bbox 2740 4635 3152 4717; x_wconf 88' lang='lat' dir='ltr'><strong>pertinentia</strong></span> 
     </span>
     <span class='ocr_line' id='line_1_34' title="bbox 475 4716 3149 4805; baseline 0.001 -24"><span class='ocrx_word' id='word_1_269' title='bbox 475 4736 692 4803; x_wconf 91' lang='lat' dir='ltr'><strong>nuper</strong></span> <span class='ocrx_word' id='word_1_270' title='bbox 735 4720 899 4783; x_wconf 89' lang='lat' dir='ltr'><strong>satis</strong></span> <span class='ocrx_word' id='word_1_271' title='bbox 949 4716 1307 4803; x_wconf 83' lang='lat' dir='ltr'><strong>diligenter</strong></span> <span class='ocrx_word' id='word_1_272' title='bbox 1337 4720 2217 4805; x_wconf 84' lang='lat' dir='ltr'><strong>congessitBrunckius‚</strong></span> <span class='ocrx_word' id='word_1_273' title='bbox 2269 4718 2463 4803; x_wconf 76' lang='lat' dir='ltr'><strong>Quae</strong></span> <span class='ocrx_word' id='word_1_274' title='bbox 2482 4726 2745 4786; x_wconf 83' lang='lat' dir='ltr'><strong>veteres</strong></span> <span class='ocrx_word' id='word_1_275' title='bbox 2770 4720 2857 4785; x_wconf 88' lang='lat' dir='ltr'><strong>de</strong></span> <span class='ocrx_word' id='word_1_276' title='bbox 2881 4721 3149 4803; x_wconf 79' lang='lat' dir='ltr'><strong>Pelasg.</strong></span> 
     </span>
     <span class='ocr_line' id='line_1_35' title="bbox 477 4803 1505 4872; baseline 0.005 -5"><span class='ocrx_word' id='word_1_277' title='bbox 477 4803 895 4870; x_wconf 81' lang='lat' dir='ltr'><strong>tradiderint.</strong></span> <span class='ocrx_word' id='word_1_278' title='bbox 989 4804 1260 4872; x_wconf 87' lang='lat' dir='ltr'><strong>Vratisl.</strong></span> <span class='ocrx_word' id='word_1_279' title='bbox 1312 4805 1505 4872; x_wconf 74' lang='lat'><strong>188⁴.</strong></span> 
     </span>
     <span class='ocr_line' id='line_1_36' title="bbox 679 4890 3155 4980; baseline 0 -25"><span class='ocrx_word' id='word_1_280' title='bbox 679 4892 754 4971; x_wconf 80' lang='lat'><strong>2)</strong></span> <span class='ocrx_word' id='word_1_281' title='bbox 841 4890 1150 4958; x_wconf 80' lang='lat' dir='ltr'><strong>Eandem</strong></span> <span class='ocrx_word' id='word_1_282' title='bbox 1221 4892 1492 4958; x_wconf 83' lang='lat' dir='ltr'><strong>fabulae</strong></span> <span class='ocrx_word' id='word_1_283' title='bbox 1563 4894 1849 4959; x_wconf 81' lang='lat' dir='ltr'><strong>formam</strong></span> <span class='ocrx_word' id='word_1_284' title='bbox 1910 4912 2120 4980; x_wconf 90' lang='lat' dir='ltr'><strong>qnam</strong></span> <span class='ocrx_word' id='word_1_285' title='bbox 2168 4894 2443 4959; x_wconf 83' lang='lat' dir='ltr'><strong>exhibet</strong></span> <span class='ocrx_word' id='word_1_286' title='bbox 2486 4894 2923 4960; x_wconf 83' lang='lat' dir='ltr'><strong>Philochorus</strong></span> <span class='ocrx_word' id='word_1_287' title='bbox 2973 4894 3155 4957; x_wconf 78' lang='lat' dir='ltr'><strong>Ari·</strong></span> 
     </span>
     <span class='ocr_line' id='line_1_37' title="bbox 474 4978 2748 5066; baseline 0.002 -23"><span class='ocrx_word' id='word_1_288' title='bbox 474 4994 514 5043; x_wconf 75' lang='lat' dir='ltr'><strong>s</strong></span> <span class='ocrx_word' id='word_1_289' title='bbox 542 4980 968 5063; x_wconf 84' lang='lat' dir='ltr'><strong>tophanes</strong></span> <span class='ocrx_word' id='word_1_290' title='bbox 1012 4980 1080 5043; x_wconf 90' lang='lat' dir='ltr'><strong>in</strong></span> <span class='ocrx_word' id='word_1_291' title='bbox 1125 4979 1424 5046; x_wconf 84' lang='lat' dir='ltr'><strong>Lemniis</strong></span> <span class='ocrx_word' id='word_1_292' title='bbox 1471 4984 1818 5047; x_wconf 77' lang='lat' dir='ltr'><strong>tractavit:</strong></span> <span class='ocrx_word' id='word_1_293' title='bbox 1897 4982 2216 5066; x_wconf 89' lang='lat' dir='ltr'><strong>Harpocr.</strong></span> <span class='ocrx_word' id='word_1_294' title='bbox 2247 5002 2389 5061; x_wconf 54' lang='lat' dir='ltr'><strong>aar.</strong></span> <span class='ocrx_word' id='word_1_295' title='bbox 2420 4978 2748 5065; x_wconf 78' lang='grc' dir='ltr'>ἆρκτεὸειν.</span> 
     </span>
    </p>
   </div>
   <div class='ocr_carea' id='block_1_6' title="bbox 2700 5106 2735 5159">
    <p class='ocr_par' dir='ltr' id='par_1_6' title="bbox 2700 5106 2735 5159">
     <span class='ocr_line' id='line_1_38' title="bbox 2700 5106 2735 5159; baseline 0 0"><span class='ocrx_word' id='word_1_296' title='bbox 2700 5106 2735 5159; x_wconf 84' lang='grc'>6</span> 
     </span>
    </p>
   </div>
  </div>
 </body>
</html>
