4057 5790
1573 583 2137 654 —127—

521 845 632 894 τον
701 822 812 894 καὶ
868 821 1241 921 ἀνώρυττον
1293 844 1524 914 neque
1576 823 1666 896 ad
1715 824 2010 916 primam
2070 845 2297 914 neque
2356 822 2445 895 ad
2495 823 2792 896 alteram
2829 820 3195 894 Pisistrati

521 939 964 1052 tyrannidem
1022 959 1399 1050 quadrare,
1457 961 1721 1050 optime
1777 960 1890 1032 vel
1943 958 2109 1033 hinc
2164 981 2591 1053 cognoscere
2641 961 2898 1056 potuit,
2955 961 3189 1050 ipsum

521 1098 702 1171 illud
751 1099 1238 1171 testimonium
1293 1119 1434 1171 non
1489 1097 1858 1170 admodum
1917 1119 2075 1172 esse
2113 1098 2535 1189 urgendum.
2629 1095 2778 1169 Iam
2826 1115 2996 1168 vero
3036 1115 3195 1169 cum
3298 1073 3305 1080 ’

523 1237 828 1310 oratoris
879 1237 1095 1309 verba
1151 1244 1292 1309 tam
1347 1257 1599 1328 parum
1655 1236 1790 1309 sibi
1846 1243 2171 1312 constare
2208 1237 2512 1326 videret,
2568 1237 2979 1326 neutiquam
3024 1233 3195 1327 inde

519 1374 803 1451 efficere
874 1374 1158 1466 debuit,
1255 1395 1438 1464 quae
1526 1394 1682 1448 cum
1767 1373 1984 1446 rebus
2070 1372 2357 1446 aliunde
2451 1373 2623 1444 satis
2720 1371 3191 1462 comprobatis

518 1517 762 1604 aperte
817 1516 1240 1616 pugnarent.
1299 1510 1638 1584 Isocratis
1689 1511 2099 1584 testimonio
2150 1533 2283 1604 per
2330 1533 2406 1584 se
2482 1511 2773 1584 'minima
2832 1511 3011 1583 fides
3074 1510 3193 1581 ha-

519 1651 750 1724 benda
787 1644 988 1749 est1).
2440 1749 2447 1757 .

721 1787 978 1881 Neque
1059 1789 1273 1862 aliter
1353 1811 1484 1862 nos
1564 1789 1652 1861 de
1717 1790 1807 1862 iis
1877 1785 2376 1881 iudicaremuS,
2454 1807 2633 1878 quae
2696 1787 3053 1860 Isocrates
3104 1784 3195 1857 de

516 1927 1006 2038 Pisistrati
1058 1928 1608 2020 temporibus
1666 1926 1938 2014 retulit,
1993 1927 2134 1998 nisi
2187 1926 2344 1998 eius
2400 1925 2488 1996 de
2546 1925 2679 2000 hac
2734 1945 2812 1996 re
2875 1923 3194 1996 testimo-

519 2067 710 2138 nium
767 2067 980 2139 etiam
1035 2066 1326 2140 aliunde
1387 2065 1941 2142 confirmaretur.
2046 2065 2389 2137 Testatur
2443 2069 2677 2136 autem
2733 2060 3197 2136 Isocrates

515 2205 938 2280 discordiam
987 2205 1260 2278 civilem
1321 2207 1416 2276 40
1462 2225 1686 2277 annos
1734 2203 2126 2277 duravisse.
2234 2202 2441 2294 Quae
2502 2201 2786 2292 quidem
2831 2220 2971 2291 quo
3019 2205 3195 2272 tem·

515 2364 688 2435 pore
743 2343 1090 2437 inceperit
1143 2342 1256 2413 vel
1310 2342 1613 2434 quando,
1641 2341 1906 2414 exitum
1957 2341 2319 2413 invenerit
2363 2361 2709 2431 nusquam
2745 2339 3004 2412 dictum
3060 2343 3187 2412 est.

515 2481 957 2572 Quamquam
1007 2479 1305 2571 Unger
1325 2502 1414 2553 us
1468 2502 1598 2575 pro
1635 2501 1711 2552 re
1751 2479 2123 2571 explorata
2157 2480 2421 2555 ducens
2458 2478 2855 2554 Isocratem
2894 2475 3190 2551 στάσεως

523 2619 720 2692 illius
789 2619 1002 2692 finem
1073 2620 1162 2691 ad
1220 2615 1482 2714 511s0‚
1549 2641 1689 2709 quo
1753 2638 1939 2691 anno
1991 2617 2493 2692 Pisistratidae
2548 2616 2851 2690 Athenis
2916 2613 3193 2706 expulsi

523 2763 790 2848 essent,
840 2757 1176 2829 retulisse
1229 2757 1402 2828 haec
1435 2754 1614 2828 facit
1665 2756 1917 2829 verba:
2004 2755 2187 2849 ,Der
2243 2755 2646 2850 AO-jahrige
2692 2753 3191 2844 Parteihader,

525 2919 658 2970 von
713 2895 1048 2969 welchem
1100 2895 1257 2967 hier
1307 2895 1422 2968 die
1469 2893 1669 2967 Redc
1713 2879 1833 2988 ist,
1897 2894 2146 2985 endigt
2200 2894 2291 2969 ol.
2340 2893 2464 2988 67,
2510 2895 2563 2967 2
2618 2926 2717 2955 --·-
2773 2887 3011 2987 5.11so
3063 2891 3195 2962 mit

521 3035 682 3107 dem
736 3032 948 3108 Sturz
1009 3030 1142 3105 der
1191 3032 1720 3117 Pisistratiden,
1796 3031 2096 3122 beginnt
2162 3032 2316 3104 also
2382 3034 2481 3103 10
2534 3029 2764 3104 Jahre
2834 3030 3013 3105 nach
3064 3028 3191 3103 der

523 3274 827 3283 ————

737 3425 812 3503 1)
855 3426 1080 3491 Habet
1112 3427 1296 3492 enim
1345 3428 1411 3491 in
1461 3428 1560 3491 his
1607 3424 1913 3510 partibus
1969 3444 2103 3491 non
2152 3428 2279 3491 nisi
2324 3426 2564 3491 landes
2610 3428 2694 3491 de
2742 3425 3193 3493 Alcmaeo-

521 3513 746 3577 nidis
795 3520 1042 3594 orator,
1091 3532 1376 3597 qnorum
1425 3534 1550 3597 ope
1601 3518 1906 3577 Athenae
1950 3533 1992 3576 a
2042 3516 2398 3597 tyrannide
2433 3516 2761 3577 liberatae
2794 3516 2946 3577 sint.
3002 3512 3196 3596 Quae

521 3600 606 3663 de
653 3618 734 3663 ea
783 3608 984 3681 gente
1031 3604 1396 3684 praedicat,
1467 3598 1707 3685 partim
1757 3608 2101 3681 tantopere
2147 3604 2595 3665 adversantur
2646 3602 2961 3665 historiae
3004 3603 3185 3684 fidei,

524 3694 594 3749 ut
641 3696 778 3751 tota
824 3687 966 3749 eius
1001 3688 1290 3751 narratio
1321 3692 1618 3751 maxima
1650 3696 2049 3768 aspergatur
2079 3690 2479 3771 suspicione.
2533 3686 2967 3751 Conveniunt
2998 3708 3191 3772 supe·

520 3773 697 3836 riora
772 3774 852 3837 Is
877 3793 916 3833 ο
942 3794 977 3837 c
1004 3777 1248 3837 ratis
1318 3776 1520 3838 verba
1579 3772 1684 3838 οὔκ
1729 3774 1986 3856 ἠξίωσαν
2038 3785 2362 3857 μετασχεῖν
2412 3777 2515 3853 τῆς
2556 3774 2783 3837 ἐκείνου
2826 3776 3193 3856 τυραννίδος,

520 3857 649 3922 ἀλλ’
695 3860 925 3923 εἵλοντο
965 3870 1172 3943 φυγεῖν
1211 3857 1507 3942 μᾶλλονῆ
1552 3862 1688 3935 τοὺς
1731 3864 1985 3935 πολίτας
2039 3862 2191 3925 ἰδεῖν
2245 3859 2633 3935 δουλεύοντας
2672 3862 2965 3943 pessime
3039 3880 3192 3925 cum

522 3948 902 4010 testimonio
955 3948 1006 4009 H
1037 3950 1258 4011 erod
1290 3949 1462 4019 oti,
1515 3949 1628 4029 qui
1676 3948 1760 4027 (ί,
1813 3948 1926 4025 60)
1975 3948 2499 4028 Megaclem
2572 3949 2791 4029 ipsum
2839 3946 3195 4011 Pisistrato

521 4050 674 4095 cum
733 4033 1164 4113 tyrannidem
1233 4040 1372 4097 tum
1419 4034 1590 4098 adeo
1639 4034 1842 4097 filiam
1888 4052 2080 4096 suam
2142 4032 2467 4098 obtulisse
2528 4034 2713 4096 testis
2758 4038 2876 4097 est.
2972 4033 3193 4098 Etiam

519 4127 790 4202 postero
838 4128 1138 4203 tempore
1189 4120 1702 4185 Alcmaeonidas
1749 4138 1954 4203 quam
2001 4122 2297 4185 maxime
2350 4120 2439 4184 ad
2481 4120 2772 4183 reditum
2803 4120 3192 4185 incubuisse

520 4206 680 4269 satis
727 4208 976 4270 scimus
1024 4206 1215 4287 (Her.
1272 4206 1348 4287 V,
1401 4208 1540 4281 62).
1591 4206 1736 4270 Iam
1784 4224 1941 4270 vero
1987 4208 2167 4290 quod
2217 4206 2744 4286 Isocrates,
2796 4212 2872 4270 ut
2916 4206 3193 4271 demon-

519 4296 686 4357 stret
756 4298 1007 4375 quanto
1081 4294 1318 4357 maiori
1391 4293 1924 4357 Alcmaeoni
1952 4292 2153 4374 dae,
2230 4310 2436 4375 quam
2506 4310 2741 4357 omnes
2789 4294 2988 4356 ceteri
3036 4294 3193 4359 odio

518 4379 766 4442 fuerint
837 4381 1168 4461 tyrannis,
1261 4396 1492 4443 eorum
1569 4380 1810 4443 domus
1878 4398 1960 4443 ac
2017 4378 2325 4464 sepulcra
2368 4379 2455 4445 ab
2502 4381 2603 4443 his
2649 4379 2996 4443 devastata
3042 4396 3194 4445 esse

519 4464 753 4546 adfert,
801 4466 868 4528 in
917 4484 1210 4531 errorem
1259 4466 1494 4529 incidit
1537 4466 1674 4529 ille.
1743 4463 2077 4531 Cohaeret
2144 4467 2324 4531 enim
2400 4484 2621 4550 poena
2684 4467 2813 4529 ista
2857 4467 3192 4531 artissime

521 4570 672 4615 cum
759 4551 1158 4635 parricidio,
1263 4570 1398 4635 quo
1477 4552 1997 4617 Alcmaeonidae
2084 4570 2159 4617 se
2237 4556 2789 4638 inquinaverant3
2891 4556 3015 4617 nisi
3094 4553 3191 4618 illi

518 4638 798 4703 fuissent
841 4636 1092 4721 ἐναγεῖς,
1146 4638 1262 4703 tali
1307 4657 1526 4723 poena
1571 4642 1848 4703 minime
1890 4644 2118 4705 essent
2161 4640 2435 4707 adfecti.
2530 4639 2841 4723 Denique
2871 4657 3063 4721 -quae
3104 4640 3189 4704 de

523 4725 820 4789 maxima
859 4724 981 4789 illa
1029 4726 1664 4791 Alcmaeonidarum
1713 4725 1843 4789 fide
1889 4734 1954 4789 et
2000 4727 2087 4790 de
2132 4728 2528 4810 principatu,
2610 4744 2811 4809 quem
2868 4724 2969 4790 illi
3016 4728 3192 4791 inter

521 4812 704 4875 cives
749 4814 1164 4876 obtinuerint
1207 4812 1480 4896 exponit
1518 4811 1874 4891 Isocrates,
1929 4814 2093 4877 bae'c
2141 4814 2529 4877 certissimis
2575 4814 2973 4895 scriptorum
3011 4814 3189 4879 testi-

523 4896 765 4961 moniis
809 4916 962 4963 cum
1005 4898 1317 4979 aliorum,
1402 4905 1542 4963 tum
1617 4898 1675 4962 A
1702 4899 1777 4963 ri
1804 4901 2210 4965 stotelis
2285 4906 2515 4984 aperte
2586 4902 2988 4982 repugnant,
3068 4903 3183 4983 qui

521 4982 760 5048 eadem
810 4984 1176 5050 vindicavit
1223 4986 1762 5051 Pisistrato
1806 4985 1982 5065 (Pol.
2036 4986 2113 5049 V.
2170 4987 2229 5065 Δ,
2280 4988 2317 5048 5
2365 4992 2429 5050 et
2476 4986 2558 5047 V.
2608 4986 2670 5067 8,
2724 4984 2818 5067 t).
