4057 5790
1550 593 2113 660 -101—

701 833 1144 924 Quamquam
1199 853 1433 904 rerum
1491 832 1938 920 antiquarum
1992 831 2543 920 investigatores
2582 824 2889 899 Romani
2941 827 3175 918 ipsum

498 969 770 1044 Pittaci
798 975 1155 1043 certamen
1188 968 1550 1082 singulare
1581 969 1672 1040 ad
1702 967 2153 1040 retiariorum
2192 967 2355 1038 illas
2392 985 2665 1058 pugnas
2694 964 3175 1038 instituendas

504 1129 746 1182 ansam
784 1106 1064 1180 dedisse
1093 1105 1594 1197 adseruerunt,
1625 1106 1824 1178 velut
1862 1107 2078 1178 etiam
2129 1105 2385 1178 mirum
2442 1105 2622 1178 illud
2652 1079 3054 1178 ‘Herodoti'
3089 1105 3177 1177 si-

495 1247 820 1339 lentium,
875 1251 956 1318 ut
1009 1243 1462 1334 aliquomodo
1510 1244 1984 1339 illustrarent,
2038 1245 2179 1316 iam
2232 1243 2552 1319 homines
2607 1249 2887 1317 veteres
2926 1263 3003 1316 se
3034 1248 3177 1315 tor-

502 1390 774 1458 serunt.
881 1382 988 1457 At
1044 1383 1247 1455 valde
1300 1382 1571 1476 dubito,
1623 1405 1789 1455 num
1827 1382 2221 1456 Verrius
2277 1383 2690 1476 Flaccus,
2748 1402 2902 1458 cum
2958 1403 3178 1456 arma-

497 1533 702 1598 turae
759 1524 953 1597 illius
1009 1524 1355 1613 originem
1414 1546 1456 1595 a
1505 1522 1788 1598 Pittaco
1845 1525 2158 1615 duxerit,
2211 1523 2405 1595 inter
2460 1543 2605 1614 eoS,
2657 1542 2953 1612 quorum
2999 1521 3181 1593 iudi-

509 1667 689 1738 cium
746 1663 1013 1753 aliquid
1066 1663 1283 1756 valet,
1335 1663 1560 1735 ullum
1612 1664 2036 1736 inventurus
2090 1662 2185 1734 sit
2238 1661 2813 1751 subscriptorem.
2842 1657 2889 1751 ¹)
2992 1658 3179 1733 Mihi

501 1804 784 1894 quidem
836 1824 922 1875 ex
972 1801 1320 1874 eiusmodi
1372 1801 1780 1874 testimonio
1834 1797 2059 1898 (Fest.
2090 1821 2160 1892 p.
2194 1801 2343 1872 285
2398 1797 2545 1897 M):
2601 1797 2702 1892 ,H
2725 1816 2817 1872 oc
2870 1804 3177 1872 autem

501 1963 784 2032 genus
879 1938 1345 2031 pugnandi
1437 1925 1962 2012 institutum
2040 1939 2398 2012 videtur
2460 1959 2501 2010 a
2553 1936 2953 2032 Pittaco,
3034 1959 3178 2011 uno

504 2101 590 2152 ex
653 2083 922 2171 septem
1001 2072 1484 2169 sapientibus,
1574 2078 1696 2167 qui
1775 2077 2117 2150 adversus
2180 2076 2641 2168 Phrynonem
2721 2078 3179 2152 dimicaturus

505 2224 798 2309 propter
860 2216 1382 2290 controversias
1431 2215 1704 2307 finium,
1761 2237 1948 2306 quae
2011 2222 2220 2289 erant
2271 2217 2462 2288 inter
2514 2215 2786 2290 Atticos
2841 2221 2917 2289 ot
2968 2213 3183 2310 Myti-

506 2357 827 2448 lenaeos,
908 2360 1062 2426 rete
1136 2352 1402 2426 occulte
1484 2349 1660 2448 lato]
1714 2353 2087 2445 impedivit
2136 2351 2617 2447 Phrynonem‘
2684 2353 2865 2425 nihil
2926 2356 3181 2427 redun-

379 2580 382 2588 ,
506 2494 674 2566 dare
730 2493 1037 2586 videtur,
1109 2490 1248 2562 nisi
1300 2497 1582 2563 veteres
1634 2491 1956 2564 homines
2009 2490 2250 2565 doctos
2305 2513 2593 2585 operam
2648 2513 2843 2566 suam
2896 2492 2971 2565 in
3024 2492 3179 2566 illu·

507 2632 798 2705 stranda
846 2630 1120 2722 origine
1178 2637 1520 2701 novorum
1572 2629 1860 2701 illorum
1914 2630 2377 2703 certaminum
2434 2630 2837 2704 collocasse.
2950 2630 3181 2726 Adpa-

507 2776 618 2842 ret
670 2770 858 2842 enim
913 2768 1186 2858 liquido
1238 2769 1394 2862 ipsa
1448 2769 1880 2841 narrationis
1937 2770 2172 2843 ratio
2222 2776 2304 2842 ut
2356 2790 2443 2842 ex
2491 2769 2694 2843 Festi
2746 2770 3181 2864 testimonio,

504 2911 607 2983 ita
687 2908 798 2982 vel
873 2909 1137 2999 optime
1221 2930 1307 2979 ex
1387 2907 1843 3001 Polyaeno
1925 2910 2009 3005 (Ι.
2060 2905 2213 3005 25),
2297 2911 2417 3000 qui
2500 2909 2751 2983 eodem
2828 2908 2956 2982 illo
3036 2932 3185 2982 cer-

511 3049 769 3121 tamine
825 3046 1183 3137 descripto
1241 3047 1488 3119 eadem
1533 3044 1684 3118 fere
1741 3046 1873 3119 sub
1939 3046 2151 3119 finem
2238 3048 2483 3121 adicit:
2577 3046 2757 3117 οἷον
2834 3047 2972 3117 καὶ
3047 3052 3183 3118 νῦν

509 3188 580 3255 οἱ
634 3178 1324 3279 μονομαχοῦντες
1380 3183 1620 3253 λίνον
1677 3182 1986 3279 ἔχουσι,
2038 3180 2455 3261 Πιττακὸς
2506 3184 2935 3265 ἐδίδαξεν.
3038 3184 3183 3259 Iam

511 3346 677 3397 vero
726 3341 882 3400 cum
935 3330 1100 3396 ante
1155 3326 1312 3416 ipsa
1358 3323 1538 3398 haec
1591 3329 1916 3415 tempora
1968 3344 2265 3415 prorsus
2316 3325 2543 3396 nihil
2597 3326 2684 3398 de
2738 3327 2869 3399 tali
2922 3326 3184 3409 Pittaci

518 3464 905 3567 certamine
955 3464 1380 3555 innotuerit,
1463 3463 1698 3535 nescio
1768 3484 1857 3535 an
1921 3464 2021 3535 ita
2072 3453 2372 3536 multum
2427 3484 2475 3535 a
2528 3482 2696 3536 vero
2747 3465 3184 3557 aberremus,

510 3602 574 3674 si
623 3605 844 3674 totam
891 3601 1092 3674 illam
1144 3622 1294 3673 rem
1350 3622 1434 3675 eo
1485 3600 1760 3673 demum
1813 3607 2157 3711 tempqre,
2240 3621 2377 3690 quo
2445 3602 2899 3675 retiariorum
2964 3623 3186 3675 arma·

508 3745 673 3813 tura
750 3741 1100 3830 inciperet
1184 3738 1532 3811 celebrari
1609 3759 1790 3812 novo
1869 3737 2031 3811 huic
2096 3741 2344 3829 generi
2415 3741 2779 3831 pugnandi
2830 3746 3183 3831 tamquam

463 3890 468 3901 ’
511 3878 874 3950 materiam
916 3877 1300 3949 subiectam
1341 3898 1496 3950 esse
1551 3878 2039 3968 suspicamur?
2076 3872 2140 3972 2)
2197 3875 2420 3950 Ouius
2460 3879 2951 3952 translationis
2987 3879 3186 3970 origo

713 4133 781 4215 1)
874 4130 1002 4195 Oui
1046 4130 1382 4196 Iustum
1434 4131 1808 4215 Lipsium
1875 4130 2359 4215 adstipulatum
2418 4152 2567 4199 esse
2620 4135 2828 4199 miror
2873 4133 3173 4215 (Saturn.

510 4237 711 4284 serm.
763 4218 823 4282 ΙΙ
867 4238 933 4302 p.
966 4219 1085 4284 992
1129 4216 1364 4299 ,Origo
1409 4222 1475 4282 et
1519 4218 1905 4302 exemplum
1940 4220 2083 4283 eius
2122 4217 2434 4304 (retiarii)
2454 4226 2833 4286 armaturae
2876 4241 3010 4287 non
3058 4223 3181 4287 du·

510 4308 620 4371 bie
665 4325 706 4369 a
745 4305 1030 4385 Pittaco,
1105 4306 1221 4387 qui
1285 4306 1458 4368 inter
1525 4308 1888 4389 sapientes.
2004 4305 2108 4368 Ita
2175 4306 2355 4369 enim
2405 4307 2521 4370 ille
2566 4326 2653 4372 ex
2696 4311 3176 4392 provocatione

516 4412 671 4457 cum
719 4392 1082 4473 Phrynone
1127 4393 1518 4474 pugnavit‘).
1641 4392 1852 4455 Aliter
1915 4409 2058 4456 rem
2129 4393 2603 4476 interpretatus
2648 4402 2749 4459 est
2794 4395 3177 4461 Isidorus

509 4481 674 4561 orig.
721 4476 968 4543 XVIII
1011 4496 1066 4543 c.
1123 4482 1226 4541 55:
1281 4480 1492 4560 ,Haec
1537 4484 1881 4543 armatura
1925 4481 2191 4542 sacrata
2236 4485 2383 4545 erat
2409 4481 2733 4546 Vulcano.
2783 4481 2969 4563 Ignis
2998 4483 3177 4546 enim

507 4584 776 4648 semper
822 4584 1072 4648 aquam
1121 4566 1517 4648 insequitur:
1561 4564 1851 4650 ideoque
1897 4584 2048 4631 cum
2094 4567 2371 4632 retiario
2416 4568 2963 4653 componebatur,
3020 4571 3181 4652 quia

507 4654 682 4734 ignis
727 4657 793 4714 et
835 4670 1014 4734 aqua
1059 4670 1325 4734 semper
1369 4652 1642 4715 inimica
1687 4650 1906 4716 sunt.‘

711 4740 785 4815 2)
853 4737 1013 4822 Ipsa
1099 4738 1447 4817 hominum
1522 4743 1824 4802 veterum
1891 4738 2326 4821 consuetudo,
2378 4740 2833 4806 institutiones
2896 4759 3052 4807 suas
3098 4760 3180 4807 ac

514 4842 740 4889 mores
829 4826 1036 4889 variis
1107 4825 1310 4889 rebus
1381 4844 1424 4887 a
1494 4843 1761 4888 summa
1836 4826 2230 4909 antiquitate
2280 4828 2579 4909 repetitis
2626 4832 2695 4892 et
2733 4826 3071 4893 illustrare
3116 4834 3183 4894 et

509 4911 975 4995 comprobare,
1028 4914 1244 4976 tritior
1287 4911 1450 4975 mihi
1497 4912 1760 4975 videtur
1804 4930 1974 4995 esse,
2023 4931 2231 4995 quam
2275 4930 2449 4997 quae
2497 4915 2604 4978 hie
2646 4914 2947 4998 pluribus
2976 4934 3181 5002 expo·

513 5005 714 5063 natur
761 5000 1011 5063 verbis.
1106 4998 1367 5062 Sufficit
1426 4998 1625 5061 unius
1671 4999 2107 5063 admonuisse
2154 4998 2767 5084 Callimachi,
2827 5022 3041 5088 quem
3108 5005 3178 5068 in

2663 5124 2726 5177 68
