4057 5790
1981 597 2504 670 ww„a

914 853 1200 926 tudines
1306 856 1528 928 multo
1636 854 1852 928 latius
1941 856 2257 947 patuisse
2340 856 2702 949 videntur,
2799 879 3006 948 quam
3112 859 3315 931 nobis
3404 879 3593 930 nune

916 1013 1003 1063 ex
1057 993 1370 1083 parvulis
1419 1000 1493 1066 ct
1540 995 1864 1086 abruptis
1901 991 2299 1066 fabularum
2348 992 2593 1066 frustis
2650 995 2968 1067 divinare
3007 996 3190 1068 licet.
3272 994 3589 1087 Quarum

915 1132 1402 1205 narrationum
1461 1134 1708 1223 quinto
1763 1133 2045 1205 saeculo
2104 1133 2327 1206 multo
2385 1134 2790 1207 uberiorem
2841 1136 3111 1225 copiam
3154 1133 3591 1224 divulgatam

913 1265 1159 1362 fuisse,
1216 1272 1331 1343 vel
1380 1272 1544 1345 inde
1593 1271 1956 1361 cernitur,
2037 1272 2225 1360 quod
2298 1272 2483 1363 apud
2552 1273 2747 1362 illius
2810 1273 3149 1366 temporis
3204 1273 3590 1364 scriptores

915 1377 1111 1480 hand
1182 1430 1345 1482 raro
1410 1416 2047 1484 commemorantur
2126 1409 2527 1483 fabularum
2604 1426 3067 1500 argumenta,
3149 1431 3447 1500 quarum
3495 1410 3591 1483 ad

913 1567 1042 1620 nos
1087 1569 1176 1620 ne
1233 1549 1522 1622 minima
1575 1548 1856 1639 quidem
1916 1549 2205 1621 devenit
2257 1549 2530 1620 umbra.
2653 1548 2764 1621 Ita
2826 1549 3037 1621 aliam
3104 1569 3381 1639 quoque
3434 1571 3594 1640 sep-

913 1687 1444 1760 tentrionalium
1526 1687 1776 1760 harum
1860 1688 2228 1777 regionum
2318 1693 2591 1779 partem
2672 1688 2863 1760 haud
2944 1661 3275 1760 dissimili
3348 1686 3587 1758 studio

915 1830 1327 1917 prosecutos
1384 1847 1540 1899 esse
1613 1824 2097 1898 Athenienses
2147 1846 2233 1897 ex
2292 1826 2469 1917 ipsis
2528 1823 2924 1897 fabularum
2986 1825 3309 1914 reliquiis
3364 1827 3588 1916 suspi-

911 1963 1056 2036 cari
1112 1985 1518 2056 possumus
1629 1962 1898 2038 Notum
1955 1971 2067 2036 est
2112 1943 2653 2054 ⁸‘AthenienseS,
2730 1969 2810 2035 ut
2872 1963 2961 2034 ad
3032 1960 3449 2036 Scamandri
3511 1968 3585 2035 et

914 2099 1314 2195 Strymonis
1384 2105 1588 2188 ostia,
1639 2104 1741 2175 ita
1792 2104 1863 2175 in
1938 2102 1995 2175 O
2027 2102 2076 2173 h
2107 2123 2145 2174 e
2181 2123 2277 2174 rs
2306 2124 2418 2175 on
2450 2124 2488 2174 e
2519 2124 2551 2173 s
2581 2124 2621 2172 o
2691 2121 2967 2190 quoque
3024 2101 3334 2176 Thracia
3384 2108 3584 2173 sexto

917 2241 1197 2314 saeculo
1256 2261 1506 2342 agrum
1563 2242 1698 2314 sibi
1753 2243 2176 2318 vindicasse.
2288 2242 2498 2333 Quod
2558 2241 2724 2312 olim
2799 2247 3130 2314 suaserat
3194 2240 3583 2313 Athenien·

915 2381 1107 2453 sibus
1151 2379 1321 2453 Solo
1359 2375 1426 2478 ¹),
1478 2381 1842 2455 Pisistrati
1871 2390 2105 2455 aetate
2136 2381 2459 2456 effectum
2502 2379 2644 2451 est':
2703 2378 3099 2472 Miltiades,
3154 2375 3579 2469 Stesagorae

912 2518 1128 2612 filius,
1199 2541 1394 2591 oram
1446 2521 1652 2592 istam
1709 2521 2252 2593 Atheniensium
2308 2521 2604 2614 imperio
2660 2518 3025 2591 subiunxit
3097 2518 3579 2608 coloniamque

913 2656 1165 2729 civium
1220 2657 1393 2732 illuc
1443 2657 1735 2730 deduxit
1788 2653 1994 2754 (Her.
2054 2657 2178 2729 VI.
2230 2655 2384 2753 36).
2506 2657 2716 2750 Quod
2779 2657 2985 2728 initio
3048 2655 3413 2729 Pisistrati
3459 2656 3582 2726 im-

915 2796 1098 2887 perii
1150 2793 1410 2868 factum
1468 2796 1766 2868 videtur.
1878 2794 2357 2886 Coniungitur
2413 2797 2692 2868 veroin
2735 2793 3281 2868 Atheniensium
3322 2792 3581 2867 fabulis

915 2934 1124 3007 etiam
1195 2953 1347 3006 cum
1416 2932 1525 3005 his
1592 2933 1998 3024 regionibus
2058 2935 2316 3006 Thesei
2374 2935 2682 3007 filiorum
2756 2934 3114 3007 memoria.
3241 2932 3459 3026 Quid,
3526 2932 3587 3002 si

921 3074 1058 3143 iam
1117 3072 1340 3171 multo
1379 3077 1541 3144 ante
1582 3069 2010 3163 Stesagorae
2050 3072 2248 3145 illum
2290 3070 2511 3142 filium
2552 3072 2803 3144 iisdem
2844 3072 3255 3161 regionibus
3292 3048 3599 3155 munere

917 3211 1109 3282 haud
1146 3210 1475 3283 dissimili
1513 3209 1795 3285 functus
1833 3217 1989 3284 erat
2027 3209 2283 3283 Acam
2310 3212 2454 3283 as'?
2509 3208 2729 3282 Ouius
2784 3210 2889 3281 rei
2941 3211 3300 3299 memoria,
3354 3230 3586 3297 quam-

920 3350 1025 3420 vis
1075 3369 1292 3442 parca
1346 3354 1423 3420 et
1474 3348 1921 3440 obtruncata,
1977 3354 2260 3421 servata
2314 3354 2426 3420 est
2480 3348 2665 3438 apud
2740 3347 3383 3441 Thucydidem,
3466 3349 3585 3437 qui

915 3492 1194 3578 partem
1245 3487 1545 3577 agminis
1603 3484 2085 3578 Graecorum,
2164 3507 2319 3562 cum
2368 3487 2587 3559 ceteri
2644 3486 2926 3558 Troiam
2983 3486 3433 3578 obsiderent,
3508 3486 3584 3557 in

915 3622 1443 3699 Chersonesum
1499 3624 1869 3697 Thraciam
1927 3646 2002 3697 se
2054 3624 2141 3697 ad
2193 3625 2698 3715 agriculturam
2734 3627 3167 3698 convertisse
3206 3625 3410 3697 testis
3448 3628 3581 3697 est.

919 3762 1350 3856 Thucydidis
1382 3762 1918 3838 commentatori
1948 3764 2315 3835 etiamtum
2356 3764 2509 3854 ipsa
2543 3761 2786 3835 fabula
2814 3770 2981 3836 nota
3016 3771 3199 3836 erat:
3256 3764 3407 3835 eius
3436 3783 3585 3836 ver-

916 3902 1024 3974 bis
1073 3902 1448 3976 edocemur
1499 3902 1932 4005 expeditioni
1988 3901 2096 3973 illi
2152 3865 2543 3993 praefuisse
2580 3903 3145 3975 Acamantem
3188 3884 3273 3973 ‘et
3327 3900 3586 3973 Anti·

915 4040 1300 4113 machum
1335 4038 1419 4139 ²).
1528 4038 1743 4132 Apud
1805 4038 2193 4113 Homerum
2255 4041 2535 4130 quidem
2612 4042 2699 4113 de
2771 4061 2856 4112 ea
2928 4062 3004 4113 re
3068 4040 3431 4111 invenitur
3484 4041 3585 4110 ni·

1223 4212 1337 4222 -ψ-

1123 4314 1185 4389 1)
1239 4314 1432 4395 Diog.
1485 4312 1554 4378 L.
1607 4312 1660 4395 1,
1709 4311 1832 4377 47.
1817 4334 1832 4349 ·
1869 4311 2141 4378 ’Έπεισε
2184 4315 2251 4378 δὲ
2294 4312 2506 4389 αὖτοὺς
2548 4318 2651 4376 καὶ
2690 4314 2795 4393 τὴν
2838 4312 2901 4377 ἓν
2951 4312 3162 4403 Θρᾴκη
3202 4309 3583 4400 Χερῤὄνησον

911 4403 1442 4483 προσκτήσασθαι

1121 4486 1189 4565 2)
1238 4485 1536 4565 Thue.1,
1588 4487 1702 4554 113
1755 4487 2088 4550 Φαίνονται
2122 4485 2191 4549 δ’
2238 4484 2371 4550 οὔδ’
2420 4486 2690 4550 ἐνταῦθα
2734 4484 2899 4577 πᾶση
2941 4488 3011 4577 τῆ
3057 4482 3306 4565 δυνάμει
3356 4481 3583 4569 χρησά-

911 4596 1108 4655 μενοι,
1154 4572 1310 4635 ἀλλὰ
1352 4574 1503 4657 πρὸς
1543 4576 1836 4655 γεωργίαν
1877 4596 1980 4651 της
2023 4571 2423 4654 Χερσονήσου
2457 4571 2827 4655 τραπόμενοι
2871 4578 2972 4635 καὶ
3014 4575 3292 4661 ληστείαν
3320 4574 3421 4649 τῆς
3447 4592 3581 4655 τρο-

913 4664 1028 4741 φῆς
1060 4658 1306 4745 ἀπορία.
1399 4660 1692 4722 Adnotat
1716 4658 1801 4722 ad
1839 4660 2003 4722 haec
2035 4657 2425 4724 scholiasta:
2484 4658 2565 4724 (ὗν
2613 4656 2808 4741 ἡγεῖτο
2830 4655 3178 4739 Ἀκάμας
3205 4662 3309 4719 καὶ
3328 4654 3586 4719 Ἀντί-

913 4768 1188 4827 μαχος.
1286 4744 1389 4807 Ita
1433 4746 1720 4809 codices.
1835 4744 1912 4807 In
1959 4745 2255 4809 editione
2300 4746 2849 4811 Schoeniena
2916 4742 3390 4824 (Ber1.1874)
3460 4760 3579 4824 pro

918 4830 1320 4896 Antimacho
1358 4828 1705 4914 Ἀντίλοχος
1750 4832 2071 4914 scriptum
2118 4839 2235 4895 est.
2334 4834 2459 4897 Sed
2510 4832 2882 4896 Schoenius
2928 4849 3082 4894 eum
3114 4828 3374 4893 scholia
3404 4828 3581 4891 Thu·

915 4916 1210 5000 cydidea
1275 4936 1361 4981 ex
1427 4918 1720 4982 editione
1789 4917 2090 4981 Haasii
2163 4917 2521 4983 Didotiana
2602 4918 3063 5001 exscripisset,
3134 4916 3251 4998 qui
3320 4920 3387 4979 et
3441 4916 3583 4996 ipse

921 5002 1036 5068 illa
1106 5025 1190 5070 ex
1257 5005 1743 5089 Pop'ponis
1801 5004 2171 5087 exemplari
2233 5008 2561 5089 expressit
2618 5004 3013 5087 (Dnbnerus
3068 5002 3250 5087 Epil.
3308 5022 3374 5085 p.
3426 5000 3581 5079 135)
