4057 5790
1993 554 2502 624 ...32-

913 787 1473 879 oppressionem.
1547 787 1708 880 Quo
1762 790 2250 865 additamento
2305 813 2476 866 sane
2534 814 2649 866 res
2705 793 3040 867 subtilior
3088 791 3171 864 fit
3226 797 3438 882 atque
3493 789 3591 878 id,

915 927 1102 1016 quod
1160 927 1300 999 dux
1348 927 1500 1022 ipse
1554 927 1628 999 in
1684 949 1762 1000 re
1816 931 2133 1020 gerenda
2185 933 2571 1024 praestitit,
2627 933 2849 1024 magis
2898 939 2975 1005 et
3020 931 3483 1006 collustratur
3520 935 3594 1000 et

913 1065 1462 1138 commendatur.

1119 1201 1320 1277 Haec
1365 1202 1515 1276 fere
1571 1210 1739 1277 sunt
1789 1202 2049 1293 quibus
2104 1201 2439 1276 differant
2501 1204 2641 1277 duo
2680 1204 2849 1276 illae
2890 1203 3297 1278 relationes,
3390 1199 3591 1300 ¹Utra

916 1341 1062 1413 utri
1119 1341 1213 1415 sit
1255 1340 1726 1433 praeferenda
1780 1342 2107 1434 patescit.
2214 1339 2323 1414 Ea
2360 1303 2545 1414 enim
2586 1342 3018 1428 narratione,
3057 1337 3587 1433 quam-Aeneas

917 1486 991 1551 et
1043 1479 1320 1571 Trogus
1376 1482 1902 1556 consentientes
1983 1482 2489 1576 prodiderunt,
2576 1482 2822 1574 procul
2904 1482 3118 1554 dubio
3210 1481 3385 1554 satis
3468 1494 3587 1551 an*

915 1617 1186 1709 tiquum
1259 1621 1742 1693 testimonium
1817 1622 2245 1694 continetur.
2358 1619 2631 1694 Contra
2704 1614 3137 1695 Plutarchus
3214 1613 3354 1715 (vel
3434 1618 3587 1690 eius

914 1751 1192 1854 auctor)
1281 1758 1459 1830 nihil
1549 1760 1744 1833 aliud
1832 1761 2114 1834 videtur
2214 1758 2498 1851 fecisse,
2588 1779 2793 1850 quam
2904 1758 3006 1831 id
3036 1781 3075 1830 e
3108 1781 3174 1830 m
3281 1759 3585 1832 militare

917 1893 1186 1968 facinus
1233 1897 1688 1971 transtulisse
1728 1899 1816 1972 ad
1870 1896 2297 1991 Solonem,
2352 1899 2757 1972 adiunxisse
2808 1895 3277 1972 Salaminis
3332 1917 3586 1989 expug-

914 2031 1297 2106 nationem.
1406 2034 1591 2109 'Pota
1662 2037 1816 2110 eius
1897 2039 2215 2112 narratio
2287 2038 2707 2130 posterioris
2789 2044 2865 2110 et
2932 2036 3443 2133 immutationis
3514 2040 3590 2108 et

913 2171 1355 2246 confictionis
1411 2161 1783 2248 manifesta
1833 2177 2135 2267 vestigia
2187 2178 2519 2250 ostendit.

1122 2314 1266 2386 Iam
1317 2334 1484 2386 vero
1549 2313 1690 2386 alia
1752 2320 1864 2387 est
1939 2315 2289 2407 quaestio,
2364 2335 2711 2405 quaenam
2794 2312 2973 2388 fides
3044 2313 3387 2388 historica
3462 2312 3585 2385 tri-

908 2451 1194 2526 buenda
1247 2453 1341 2525 sit
1394 2452 1529 2546 ipsi
1579 2453 1646 2524 ei
1702 2452 2106 2544 memoriae,
2165 2452 2359 2526 cuius
2419 2451 2869 2543 purissimam
2934 2456 3009 2524 et
3050 2451 3583 2542 integerrimam

905 2589 1199 2663 formam
1257 2591 1701 2664 conservavit
1770 2589 2171 2663 Aeneas.
2278 2587 2392 2662 De
2460 2590 2590 2664 hac
2647 2611 2725 2662 re
2780 2610 3196 2682 expressum
3246 2590 3583 2664 iudicium

909 2727 1190 2818 difficile
1239 2734 1352 2801 est
1395 2724 1650 2801 facere.
1721 2725 2113 2801 Mulierum
2166 2726 2291 2799 ille
2346 2733 2619 2818 raptus,
2666 2747 2873 2816 quem
2926 2723 3394 2820 Megarenses
3446 2748 3585 2799 me-

901 2867 1223 2941 ditantur
1272 2875 1347 2940 et
1400 2887 1577 2958 quae
1631 2865 2161 2957 subsequuntur
2210 2864 2574 2939 Pisistrati
2626 2864 2963 2974 insidiae,
3020 2865 3257 2939 sintne
3298 2865 3580 2939 omnino

898 3027 1015 3078 res
1070 3005 1412 3078 historiae
1472 3004 1610 3078 fide
1667 3005 2161 3097 comprobatae
2218 3003 2481 3095 ambigi
2551 3004 2742 3077 licet.
2845 3002 3018 3077 Olet
3084 3006 3372 3099 propria
3426 3025 3584 3077 nar·

901 3144 1198 3217 rationis
1245 3144 1442 3216 illius
1495 3142 1806 3237 indoles,
1865 3143 2127 3234 quippe
2184 3161 2339 3215 cum
2396 3163 2503 3229 ea,
2559 3164 2739 3234 quae
2799 3144 2890 3217 ad
2944 3144 3169 3235 ipsam
3203 3162 3579 3233 personam

901 3282 1295 3374 pertinent,
1352 3287 1731 3374 tantopere
1787 3281 2171 3373 emineant,
2223 3286 2504 3354 veteres
2560 3281 2897 3369 quasdam
2956 3281 3064 3354 vel
3104 3280 3387 3353 tabulas
3417 3300 3583 3370 gen·

901 3421 1156 3497 tilicias
1210 3421 1324 3494 vel
1361 3421 1898 3495 commentarios
1937 3417 2363 3493 domesticos
2419 3418 2531 3491 vel
2568 3419 2769 3495 talia.
2826 3416 2908 3491 In
2945 3418 3057 3491 his
3094 3417 3290 3517 Pisi
3312 3418 3579 3491 strati

903 3558 1100 3631 illam
1155 3556 1485 3654 ἀριστείαν
1566 3562 1879 3631 notatam
1950 3561 2024 3631 et
2076 3556 2505 3631 celebratam
2556 3553 2802 3646 fuisse,
2884 3577 3026 3628 non
3083 3556 3393 3629 alienum
3444 3562 3574 3629 est.

901 3695 1360 3770 Pisistratum
1446 3696 1727 3786 quidem
1807 3694 2000 3767 bello
2080 3692 2495 3785 Megarensi
2576 3694 3024 3784 praestitisse
3096 3692 3575 3785 Nisaeamque

903 3855 1350 3927 expugnasse
1446 3853 1562 3906 res
1653 3841 1762 3908 est
1835 3832 2193 3907 Herodoti
2273 3834 2681 3907 testimonio
2763 3854 3058 3925 prorsus
3136 3834 3573 3908 confirmata.

902 3973 1062 4048 Hac
1111 3973 1198 4046 de
1253 3994 1328 4045 re
1380 3992 1469 4044 ne
1525 3971 1883 4045 levissima
1945 3972 2228 4061 quidem
2313 3972 2661 4046 dubitatio
2730 3971 3128 4047 excitanda.
3237 3970 3381 4046 Sed
3436 3973 3578 4046 alia

775 4132 780 4142 ·
897 4112 1035 4184 iam
1085 4111 1214 4183 rei
1268 4108 1777 4182 Eleusiniae
1834 4110 2016 4184 ratio
2067 4109 2251 4181 mihi·
2284 4110 2570 4183 videtur
2621 4131 2802 4184 esse.

1102 4246 1574 4322 Inveniuntur
1629 4270 1880 4341 nempe
1933 4248 2125 4323 haud
2177 4250 2279 4321 ita
2327 4248 2775 4322 dissimilium
2837 4250 3333 4323 narrationum
3385 4250 3573 4322 rudi·

896 4392 1134 4461 menta
1186 4382 1303 4461 v'el
1356 4387 1497 4460 alio
1563 4392 1798 4460 terrae
1856 4385 2144 4461 Atticae
2208 4387 2385 4460 loco.
2496 4387 2781 4480 Quippe
2860 4388 3191 4462 dicuntur
3252 4387 3567 4487 Pelasgi,

895 4524 1171 4599 Lemno
1247 4525 1547 4610 advecti,
1621 4498 1964 4597 mulieres
2016 4525 2296 4598 Atticas
2384 4523 2448 4596 B
2480 4544 2659 4598 rau
2692 4547 2874 4598 ron
2906 4548 2945 4599 c
3022 4526 3299 4600 Dianae
3383 4528 3567 4600 diem

897 4668 1159 4739 festum
1243 4668 1580 4757 agenteS,
1665 4684 1903 4737 secum
1980 4660 2333 4735 Lemnum
2404 4663 2784 4739 abstulisse
2873 4665 3113 4756 ibique
3193 4687 3325 4758 pro
3407 4688 3567 4758 pae-

894 4804 1148 4878 licibus
1227 4804 1316 4876 iis
1402 4804 1512 4875 usi
1597 4823 1778 4875 esse.
1937 4799 2315 4872 Herod.
2395 4799 2524 4875 VI.
2627 4804 2826 4875 138:
2918 4800 2993 4871 εὖ
3072 4826 3145 4871 τε
3222 4802 3566 4883 ἐξεπιστά-

896 4967 1078 5037 μενοι
1149 4942 1268 5018 τὰς
1333 4936 1725 5039 Ἀθηναίων
1797 4936 2026 5035 ὁρτὰς,
2097 4941 2651 5037 πεντεκοντήρους
2738 4942 3133 5038 κτησάμενοι
3224 4916 3564 5039 ἐλόχησαν
