<?xml version="1.0" encoding="UTF-8"?>
<!DOCTYPE html PUBLIC "-//W3C//DTD XHTML 1.0 Transitional//EN"
    "http://www.w3.org/TR/xhtml1/DTD/xhtml1-transitional.dtd">
<html xmlns="http://www.w3.org/1999/xhtml" xml:lang="en" lang="en">
 <head>
  <title>
</title>
<meta http-equiv="Content-Type" content="text/html;charset=utf-8" />
  <meta name='ocr-system' content='tesseract 3.04.00' />
  <meta name='ocr-capabilities' content='ocr_page ocr_carea ocr_par ocr_line ocrx_word'/>
</head>
<body>
  <div class='ocr_page' id='page_1' title='image "./quaestionespisi00toepgoog_0104.png"; bbox 0 0 4057 5790; ppageno 0'>
   <div class='ocr_carea' id='block_1_1' title="bbox 1985 557 2497 626">
    <p class='ocr_par' dir='ltr' id='par_1_1' title="bbox 1985 557 2497 626">
     <span class='ocr_line' id='line_1_1' title="bbox 1985 557 2497 626; baseline -0.008 -12"><span class='ocrx_word' id='word_1_1' title='bbox 1985 557 2497 626; x_wconf 44' lang='lat'><strong>*92-</strong></span> 
     </span>
    </p>
   </div>
   <div class='ocr_carea' id='block_1_2' title="bbox 885 793 3579 1878">
    <p class='ocr_par' dir='ltr' id='par_1_2' title="bbox 904 793 3577 1578">
     <span class='ocr_line' id='line_1_2' title="bbox 1113 793 3576 885; baseline -0.002 -17"><span class='ocrx_word' id='word_1_2' title='bbox 1113 795 1480 870; x_wconf 86' lang='lat' dir='ltr'><strong>Laborare</strong></span> <span class='ocrx_word' id='word_1_3' title='bbox 1518 795 1861 871; x_wconf 88' lang='lat' dir='ltr'><strong>Rohdii</strong></span> <span class='ocrx_word' id='word_1_4' title='bbox 1918 795 2345 870; x_wconf 86' lang='lat' dir='ltr'><strong>sententiam</strong></span> <span class='ocrx_word' id='word_1_5' title='bbox 2396 793 2849 885; x_wconf 86' lang='lat' dir='ltr'><strong>quantumvis</strong></span> <span class='ocrx_word' id='word_1_6' title='bbox 2904 793 3290 884; x_wconf 80' lang='lat' dir='ltr'><strong>speciosam</strong></span> <span class='ocrx_word' id='word_1_7' title='bbox 3345 795 3576 864; x_wconf 90' lang='lat' dir='ltr'><strong>osten·</strong></span> 
     </span>
     <span class='ocr_line' id='line_1_3' title="bbox 905 929 3570 1025; baseline -0.003 -17"><span class='ocrx_word' id='word_1_8' title='bbox 905 934 1095 1008; x_wconf 91' lang='lat' dir='ltr'><strong>disse</strong></span> <span class='ocrx_word' id='word_1_9' title='bbox 1149 934 1322 1008; x_wconf 89' lang='lat' dir='ltr'><strong>mihi</strong></span> <span class='ocrx_word' id='word_1_10' title='bbox 1372 936 1638 1008; x_wconf 87' lang='lat' dir='ltr'><strong>videor.</strong></span> <span class='ocrx_word' id='word_1_11' title='bbox 1747 933 1966 1007; x_wconf 90' lang='lat' dir='ltr'><strong>Immo</strong></span> <span class='ocrx_word' id='word_1_12' title='bbox 2019 932 2385 1025; x_wconf 80' lang='lat' dir='ltr'>Diogenes</span> <span class='ocrx_word' id='word_1_13' title='bbox 2439 954 2581 1006; x_wconf 90' lang='lat' dir='ltr'><strong>non</strong></span> <span class='ocrx_word' id='word_1_14' title='bbox 2628 937 2779 1006; x_wconf 90' lang='lat' dir='ltr'><strong>tam</strong></span> <span class='ocrx_word' id='word_1_15' title='bbox 2834 932 2907 1003; x_wconf 93' lang='lat' dir='ltr'><strong>in</strong></span> <span class='ocrx_word' id='word_1_16' title='bbox 2950 929 3377 1022; x_wconf 85' lang='lat' dir='ltr'><strong>Apollodori</strong></span> <span class='ocrx_word' id='word_1_17' title='bbox 3430 933 3570 1001; x_wconf 88' lang='lat' dir='ltr'><strong>tes·</strong></span> 
     </span>
     <span class='ocr_line' id='line_1_4' title="bbox 904 1070 3576 1176; baseline -0.002 -30"><span class='ocrx_word' id='word_1_18' title='bbox 904 1074 1199 1146; x_wconf 87' lang='lat' dir='ltr'><strong>timonio</strong></span> <span class='ocrx_word' id='word_1_19' title='bbox 1255 1074 1720 1165; x_wconf 64' lang='lat' dir='ltr'><strong>excerpendo,</strong></span> <span class='ocrx_word' id='word_1_20' title='bbox 1777 1095 1982 1163; x_wconf 88' lang='lat' dir='ltr'><strong>quam</strong></span> <span class='ocrx_word' id='word_1_21' title='bbox 2040 1074 2115 1146; x_wconf 92' lang='lat' dir='ltr'><strong>in</strong></span> <span class='ocrx_word' id='word_1_22' title='bbox 2162 1073 2277 1165; x_wconf 84' lang='lat' dir='ltr'><strong>iis,</strong></span> <span class='ocrx_word' id='word_1_23' title='bbox 2325 1093 2503 1163; x_wconf 90' lang='lat' dir='ltr'><strong>quae</strong></span> <span class='ocrx_word' id='word_1_24' title='bbox 2552 1092 2775 1176; x_wconf 75' lang='lat' dir='ltr'><strong>supra</strong></span> <span class='ocrx_word' id='word_1_25' title='bbox 2810 1070 3061 1145; x_wconf 89' lang='lat' dir='ltr'><strong>retulit</strong></span> <span class='ocrx_word' id='word_1_26' title='bbox 3096 1071 3273 1161; x_wconf 81' lang='lat' dir='ltr'><strong>ipse,</strong></span> <span class='ocrx_word' id='word_1_27' title='bbox 3325 1088 3576 1159; x_wconf 89' lang='lat' dir='ltr'><strong>parum</strong></span> 
     </span>
     <span class='ocr_line' id='line_1_5' title="bbox 905 1201 3570 1303; baseline -0.003 -19"><span class='ocrx_word' id='word_1_28' title='bbox 905 1211 1187 1284; x_wconf 84' lang='lat' dir='ltr'><strong>videtur</strong></span> <span class='ocrx_word' id='word_1_29' title='bbox 1237 1210 1454 1285; x_wconf 85' lang='lat' dir='ltr'><strong>fuisse</strong></span> <span class='ocrx_word' id='word_1_30' title='bbox 1504 1212 1902 1303; x_wconf 89' lang='lat' dir='ltr'><strong>religiosus.</strong></span> <span class='ocrx_word' id='word_1_31' title='bbox 2011 1209 2259 1284; x_wconf 88' lang='lat' dir='ltr'><strong>Solum</strong></span> <span class='ocrx_word' id='word_1_32' title='bbox 2313 1210 2479 1286; x_wconf 86' lang='lat' dir='ltr'><strong>binc</strong></span> <span class='ocrx_word' id='word_1_33' title='bbox 2535 1211 2801 1302; x_wconf 80' lang='lat' dir='ltr'><strong>duplex</strong></span> <span class='ocrx_word' id='word_1_34' title='bbox 2849 1211 2977 1282; x_wconf 88' lang='lat' dir='ltr'><strong>illa</strong></span> <span class='ocrx_word' id='word_1_35' title='bbox 3013 1201 3359 1299; x_wconf 85' lang='lat' dir='ltr'><strong>Diogenis</strong></span> <span class='ocrx_word' id='word_1_36' title='bbox 3416 1227 3570 1281; x_wconf 88' lang='lat' dir='ltr'><strong>cum</strong></span> 
     </span>
     <span class='ocr_line' id='line_1_6' title="bbox 908 1345 3577 1444; baseline -0.003 -20"><span class='ocrx_word' id='word_1_37' title='bbox 908 1355 1306 1424; x_wconf 87' lang='lat' dir='ltr'><strong>ceterorum</strong></span> <span class='ocrx_word' id='word_1_38' title='bbox 1359 1352 1784 1444; x_wconf 86' lang='lat' dir='ltr'><strong>scriptorum</strong></span> <span class='ocrx_word' id='word_1_39' title='bbox 1839 1351 2269 1424; x_wconf 78' lang='lat' dir='ltr'><strong>testimoniis</strong></span> <span class='ocrx_word' id='word_1_40' title='bbox 2322 1355 2397 1424; x_wconf 90' lang='lat' dir='ltr'><strong>et</strong></span> <span class='ocrx_word' id='word_1_41' title='bbox 2447 1368 2602 1422; x_wconf 88' lang='lat' dir='ltr'><strong>cum</strong></span> <span class='ocrx_word' id='word_1_42' title='bbox 2639 1346 3085 1441; x_wconf 85' lang='lat' dir='ltr'><strong>Apollodoro</strong></span> <span class='ocrx_word' id='word_1_43' title='bbox 3119 1349 3277 1439; x_wconf 87' lang='lat' dir='ltr'><strong>ipso</strong></span> <span class='ocrx_word' id='word_1_44' title='bbox 3320 1345 3577 1418; x_wconf 86' lang='lat' dir='ltr'><strong>discre-</strong></span> 
     </span>
     <span class='ocr_line' id='line_1_7' title="bbox 905 1468 2668 1578; baseline -0.001 -18"><span class='ocrx_word' id='word_1_45' title='bbox 905 1488 1158 1578; x_wconf 90' lang='lat' dir='ltr'><strong>pantia</strong></span> <span class='ocrx_word' id='word_1_46' title='bbox 1205 1487 1282 1560; x_wconf 85' lang='lat' dir='ltr'><strong>et</strong></span> <span class='ocrx_word' id='word_1_47' title='bbox 1330 1493 1487 1560; x_wconf 90' lang='lat' dir='ltr'><strong>orta</strong></span> <span class='ocrx_word' id='word_1_48' title='bbox 1540 1508 1696 1561; x_wconf 91' lang='lat' dir='ltr'><strong>esse</strong></span> <span class='ocrx_word' id='word_1_49' title='bbox 1753 1493 1827 1560; x_wconf 87' lang='lat' dir='ltr'><strong>et</strong></span> <span class='ocrx_word' id='word_1_50' title='bbox 1876 1487 2235 1561; x_wconf 87' lang='lat' dir='ltr'><strong>illustrari</strong></span> <span class='ocrx_word' id='word_1_51' title='bbox 2292 1491 2551 1578; x_wconf 88' lang='lat' dir='ltr'><strong>potest.</strong></span> <span class='ocrx_word' id='word_1_52' title='bbox 2664 1468 2668 1476; x_wconf 43' lang='lat'>⁸</span> 
     </span>
    </p>

    <p class='ocr_par' dir='ltr' id='par_1_3' title="bbox 885 1622 3579 1878">
     <span class='ocr_line' id='line_1_8' title="bbox 1105 1622 3579 1720; baseline -0.002 -21"><span class='ocrx_word' id='word_1_53' title='bbox 1105 1625 1213 1720; x_wconf 82' lang='lat' dir='ltr'><strong>Id,</strong></span> <span class='ocrx_word' id='word_1_54' title='bbox 1270 1626 1356 1699; x_wconf 91' lang='lat' dir='ltr'><strong>de</strong></span> <span class='ocrx_word' id='word_1_55' title='bbox 1409 1648 1547 1717; x_wconf 88' lang='lat' dir='ltr'><strong>quo</strong></span> <span class='ocrx_word' id='word_1_56' title='bbox 1610 1628 1800 1700; x_wconf 88' lang='lat' dir='ltr'><strong>inter</strong></span> <span class='ocrx_word' id='word_1_57' title='bbox 1857 1625 2340 1700; x_wconf 83' lang='lat' dir='ltr'><strong>Athenienses</strong></span> <span class='ocrx_word' id='word_1_58' title='bbox 2413 1631 2485 1699; x_wconf 90' lang='lat' dir='ltr'><strong>et</strong></span> <span class='ocrx_word' id='word_1_59' title='bbox 2536 1623 3022 1719; x_wconf 77' lang='lat' dir='ltr'><strong>Mytilenaeos</strong></span> <span class='ocrx_word' id='word_1_60' title='bbox 3092 1646 3175 1697; x_wconf 92' lang='lat' dir='ltr'><strong>eo</strong></span> <span class='ocrx_word' id='word_1_61' title='bbox 3223 1622 3415 1695; x_wconf 91' lang='lat' dir='ltr'><strong>bello</strong></span> <span class='ocrx_word' id='word_1_62' title='bbox 3470 1641 3579 1696; x_wconf 88' lang='lat' dir='ltr'><strong>ac-</strong></span> 
     </span>
     <span class='ocr_line' id='line_1_9' title="bbox 885 1761 3573 1878; baseline -0.001 -42"><span class='ocrx_word' id='word_1_63' title='bbox 885 1769 1054 1878; x_wconf 68' lang='lat' dir='ltr'><strong>ptum</strong></span> <span class='ocrx_word' id='word_1_64' title='bbox 1109 1768 1218 1836; x_wconf 85' lang='lat' dir='ltr'><strong>est</strong></span> <span class='ocrx_word' id='word_1_65' title='bbox 1270 1762 1848 1872; x_wconf 55' lang='lat' dir='ltr'><strong>fuit-S—igeum.</strong></span> <span class='ocrx_word' id='word_1_66' title='bbox 1981 1762 2406 1857; x_wconf 82' lang='lat' dir='ltr'><strong>Mytilenaei</strong></span> <span class='ocrx_word' id='word_1_67' title='bbox 2456 1769 2695 1836; x_wconf 89' lang='lat' dir='ltr'><strong>autem</strong></span> <span class='ocrx_word' id='word_1_68' title='bbox 2750 1764 2814 1836; x_wconf 90' lang='lat' dir='ltr'><strong>si</strong></span> <span class='ocrx_word' id='word_1_69' title='bbox 2850 1764 3135 1836; x_wconf 88' lang='lat' dir='ltr'><strong>omnino</strong></span> <span class='ocrx_word' id='word_1_70' title='bbox 3189 1761 3573 1852; x_wconf 89' lang='lat' dir='ltr'><strong>quidquam</strong></span> 
     </span>
    </p>
   </div>
   <div class='ocr_carea' id='block_1_3' title="bbox 877 1895 3577 1996">
    <p class='ocr_par' dir='ltr' id='par_1_4' title="bbox 877 1895 3577 1996">
     <span class='ocr_line' id='line_1_10' title="bbox 877 1895 3577 1996; baseline -0.001 -22"><span class='ocrx_word' id='word_1_71' title='bbox 877 1901 1168 1976; x_wconf 71' lang='lat' dir='ltr'><strong>Pittaci</strong></span> <span class='ocrx_word' id='word_1_72' title='bbox 1221 1903 1508 1977; x_wconf 82' lang='lat' dir='ltr'><strong>victoria</strong></span> <span class='ocrx_word' id='word_1_73' title='bbox 1561 1909 2186 1996; x_wconf 86' lang='lat' dir='ltr'><strong>recuperaverunt,</strong></span> <span class='ocrx_word' id='word_1_74' title='bbox 2244 1903 2475 1976; x_wconf 86' lang='lat' dir='ltr'><strong>solum</strong></span> <span class='ocrx_word' id='word_1_75' title='bbox 2534 1901 3067 1994; x_wconf 75' lang='lat' dir='ltr'><strong>recuperavisse</strong></span> <span class='ocrx_word' id='word_1_76' title='bbox 3117 1904 3415 1991; x_wconf 86' lang='lat' dir='ltr'><strong>possunt</strong></span> <span class='ocrx_word' id='word_1_77' title='bbox 3470 1895 3577 1972; x_wconf 88' lang='lat' dir='ltr'><strong>Si·</strong></span> 
     </span>
    </p>
   </div>
   <div class='ocr_carea' id='block_1_4' title="bbox 911 2038 3575 2131">
    <p class='ocr_par' dir='ltr' id='par_1_5' title="bbox 911 2038 3575 2131">
     <span class='ocr_line' id='line_1_11' title="bbox 911 2038 3575 2131; baseline -0.002 -19"><span class='ocrx_word' id='word_1_78' title='bbox 911 2061 1144 2130; x_wconf 83' lang='lat' dir='ltr'><strong>geum.</strong></span> <span class='ocrx_word' id='word_1_79' title='bbox 1251 2039 1411 2118; x_wconf 83' lang='lat' dir='ltr'><strong>Hoc</strong></span> <span class='ocrx_word' id='word_1_80' title='bbox 1461 2043 1606 2114; x_wconf 87' lang='lat' dir='ltr'><strong>iam</strong></span> <span class='ocrx_word' id='word_1_81' title='bbox 1646 2064 1731 2114; x_wconf 86' lang='lat' dir='ltr'><strong>ex</strong></span> <span class='ocrx_word' id='word_1_82' title='bbox 1764 2042 2089 2116; x_wconf 89' lang='lat' dir='ltr'><strong>omnibus</strong></span> <span class='ocrx_word' id='word_1_83' title='bbox 2142 2063 2321 2131; x_wconf 88' lang='lat' dir='ltr'><strong>quae</strong></span> <span class='ocrx_word' id='word_1_84' title='bbox 2368 2041 2495 2113; x_wconf 89' lang='lat' dir='ltr'><strong>illa</strong></span> <span class='ocrx_word' id='word_1_85' title='bbox 2544 2041 2632 2112; x_wconf 91' lang='lat' dir='ltr'><strong>de</strong></span> <span class='ocrx_word' id='word_1_86' title='bbox 2685 2061 2762 2113; x_wconf 90' lang='lat' dir='ltr'><strong>re</strong></span> <span class='ocrx_word' id='word_1_87' title='bbox 2808 2041 3253 2114; x_wconf 84' lang='lat' dir='ltr'><strong>devenerunt</strong></span> <span class='ocrx_word' id='word_1_88' title='bbox 3302 2038 3389 2110; x_wconf 86' lang='lat' dir='ltr'><strong>ad</strong></span> <span class='ocrx_word' id='word_1_89' title='bbox 3445 2059 3575 2109; x_wconf 90' lang='lat' dir='ltr'><strong>nos</strong></span> 
     </span>
    </p>
   </div>
   <div class='ocr_carea' id='block_1_5' title="bbox 844 2162 3576 2272">
    <p class='ocr_par' dir='ltr' id='par_1_6' title="bbox 844 2162 3576 2272">
     <span class='ocr_line' id='line_1_12' title="bbox 844 2162 3576 2272; baseline -0.001 -22"><span class='ocrx_word' id='word_1_90' title='bbox 844 2162 852 2168; x_wconf 68' lang='grc'>’</span> <span class='ocrx_word' id='word_1_91' title='bbox 909 2179 1306 2252; x_wconf 85' lang='lat' dir='ltr'><strong>necessario</strong></span> <span class='ocrx_word' id='word_1_92' title='bbox 1339 2180 1642 2269; x_wconf 85' lang='lat' dir='ltr'><strong>cogitur.</strong></span> <span class='ocrx_word' id='word_1_93' title='bbox 1705 2178 2150 2272; x_wconf 79' lang='lat' dir='ltr'><strong>Quamquam</strong></span> <span class='ocrx_word' id='word_1_94' title='bbox 2193 2178 2637 2270; x_wconf 87' lang='lat' dir='ltr'><strong>Diogenis</strong></span> <span class='ocrx_word' id='word_1_95' title='bbox 2688 2178 2823 2251; x_wconf 91' lang='lat' dir='ltr'><strong>illa</strong></span> <span class='ocrx_word' id='word_1_96' title='bbox 2844 2177 3180 2258; x_wconf 77' lang='lat' dir='ltr'><strong>,socordia</strong></span> <span class='ocrx_word' id='word_1_97' title='bbox 3227 2175 3413 2247; x_wconf 88' lang='lat' dir='ltr'><strong>unde</strong></span> <span class='ocrx_word' id='word_1_98' title='bbox 3469 2196 3576 2248; x_wconf 85' lang='lat' dir='ltr'><strong>re·</strong></span> 
     </span>
    </p>
   </div>
   <div class='ocr_carea' id='block_1_6' title="bbox 901 2308 3611 4215">
    <p class='ocr_par' dir='ltr' id='par_1_7' title="bbox 903 2308 3599 3662">
     <span class='ocr_line' id='line_1_13' title="bbox 903 2308 3579 2410; baseline 0 -22"><span class='ocrx_word' id='word_1_99' title='bbox 903 2317 1218 2408; x_wconf 86' lang='lat' dir='ltr'><strong>petenda</strong></span> <span class='ocrx_word' id='word_1_100' title='bbox 1267 2318 1363 2390; x_wconf 89' lang='lat' dir='ltr'><strong>sit</strong></span> <span class='ocrx_word' id='word_1_101' title='bbox 1409 2319 1682 2393; x_wconf 88' lang='lat' dir='ltr'><strong>nescire</strong></span> <span class='ocrx_word' id='word_1_102' title='bbox 1740 2340 1850 2391; x_wconf 89' lang='lat' dir='ltr'><strong>me</strong></span> <span class='ocrx_word' id='word_1_103' title='bbox 1885 2315 2145 2392; x_wconf 77' lang='lat' dir='ltr'><strong>fateor.</strong></span> <span class='ocrx_word' id='word_1_104' title='bbox 2261 2316 2869 2392; x_wconf 77' lang='lat' dir='ltr'><strong>Commemoratur</strong></span> <span class='ocrx_word' id='word_1_105' title='bbox 2904 2324 3143 2391; x_wconf 90' lang='lat' dir='ltr'><strong>autem</strong></span> <span class='ocrx_word' id='word_1_106' title='bbox 3182 2308 3579 2410; x_wconf 71' lang='grc' dir='ltr'><strong>Ἀχιλλεῖ-εις</strong></span> 
     </span>
     <span class='ocr_line' id='line_1_14' title="bbox 905 2453 3576 2560; baseline 0 -36"><span class='ocrx_word' id='word_1_107' title='bbox 905 2456 1106 2551; x_wconf 83' lang='grc' dir='ltr'><strong>χώρα</strong></span> <span class='ocrx_word' id='word_1_108' title='bbox 1161 2455 1299 2527; x_wconf 90' lang='lat' dir='ltr'><strong>nisi</strong></span> <span class='ocrx_word' id='word_1_109' title='bbox 1346 2455 1479 2530; x_wconf 87' lang='lat' dir='ltr'><strong>hoc</strong></span> <span class='ocrx_word' id='word_1_110' title='bbox 1531 2454 1880 2547; x_wconf 87' lang='lat' dir='ltr'><strong>Diogenis</strong></span> <span class='ocrx_word' id='word_1_111' title='bbox 1950 2455 2103 2529; x_wconf 87' lang='lat' dir='ltr'><strong>loco</strong></span> <span class='ocrx_word' id='word_1_112' title='bbox 2173 2457 2459 2529; x_wconf 89' lang='lat' dir='ltr'><strong>omnino</strong></span> <span class='ocrx_word' id='word_1_113' title='bbox 2528 2477 2898 2560; x_wconf 73' lang='lat' dir='ltr'><strong>nusquam.</strong></span> <span class='ocrx_word' id='word_1_114' title='bbox 3006 2453 3576 2546; x_wconf 82' lang='lat' dir='ltr'><strong>Herodotus,</strong></span> 
     </span>
     <span class='ocr_line' id='line_1_15' title="bbox 907 2588 3578 2690; baseline 0 -26"><span class='ocrx_word' id='word_1_115' title='bbox 907 2588 1282 2686; x_wconf 80' lang='lat' dir='ltr'><strong>Strabo,</strong></span> <span class='ocrx_word' id='word_1_116' title='bbox 1335 2589 1857 2684; x_wconf 83' lang='lat' dir='ltr'><strong>Stephanus</strong></span> <span class='ocrx_word' id='word_1_117' title='bbox 1915 2616 2057 2667; x_wconf 92' lang='lat' dir='ltr'><strong>non</strong></span> <span class='ocrx_word' id='word_1_118' title='bbox 2114 2596 2251 2667; x_wconf 90' lang='lat' dir='ltr'><strong>nisi</strong></span> <span class='ocrx_word' id='word_1_119' title='bbox 2298 2589 2675 2690; x_wconf 77' lang='grc' dir='ltr'>Ἀχίλλειον</span> <span class='ocrx_word' id='word_1_120' title='bbox 2730 2593 3149 2687; x_wconf 86' lang='lat' dir='ltr'><strong>oppidum</strong></span> <span class='ocrx_word' id='word_1_121' title='bbox 3206 2597 3578 2684; x_wconf 74' lang='lat' dir='ltr'><strong>noverunt,</strong></span> 
     </span>
     <span class='ocr_line' id='line_1_16' title="bbox 906 2729 3583 2826; baseline -0.001 -23"><span class='ocrx_word' id='word_1_122' title='bbox 906 2729 1093 2820; x_wconf 89' lang='lat' dir='ltr'><strong>quod</strong></span> <span class='ocrx_word' id='word_1_123' title='bbox 1149 2751 1233 2804; x_wconf 92' lang='lat' dir='ltr'><strong>eo</strong></span> <span class='ocrx_word' id='word_1_124' title='bbox 1287 2731 1465 2823; x_wconf 80' lang='lat' dir='ltr'><strong>loco,</strong></span> <span class='ocrx_word' id='word_1_125' title='bbox 1518 2752 1655 2822; x_wconf 89' lang='lat' dir='ltr'><strong>quo</strong></span> <span class='ocrx_word' id='word_1_126' title='bbox 1689 2730 2013 2806; x_wconf 88' lang='lat' dir='ltr'><strong>Achilles</strong></span> <span class='ocrx_word' id='word_1_127' title='bbox 2070 2733 2393 2826; x_wconf 85' lang='lat' dir='ltr'><strong>sepultus</strong></span> <span class='ocrx_word' id='word_1_128' title='bbox 2432 2756 2591 2806; x_wconf 90' lang='lat' dir='ltr'><strong>esse</strong></span> <span class='ocrx_word' id='word_1_129' title='bbox 2629 2733 3082 2824; x_wconf 83' lang='lat' dir='ltr'><strong>credebatur,</strong></span> <span class='ocrx_word' id='word_1_130' title='bbox 3148 2731 3583 2806; x_wconf 83' lang='lat' dir='ltr'><strong>exstruxisse</strong></span> 
     </span>
     <span class='ocr_line' id='line_1_17' title="bbox 904 2868 3584 2964; baseline 0 -23"><span class='ocrx_word' id='word_1_131' title='bbox 904 2869 1484 2961; x_wconf 83' lang='lat' dir='ltr'><strong>perhibebantur</strong></span> <span class='ocrx_word' id='word_1_132' title='bbox 1537 2868 1982 2964; x_wconf 85' lang='lat' dir='ltr'><strong>Mytilenaei.</strong></span> <span class='ocrx_word' id='word_1_133' title='bbox 2090 2870 2239 2949; x_wconf 90' lang='lat' dir='ltr'><strong>Iam</strong></span> <span class='ocrx_word' id='word_1_134' title='bbox 2301 2893 2471 2946; x_wconf 84' lang='lat' dir='ltr'><strong>vero</strong></span> <span class='ocrx_word' id='word_1_135' title='bbox 2507 2892 2661 2946; x_wconf 87' lang='lat' dir='ltr'><strong>cum</strong></span> <span class='ocrx_word' id='word_1_136' title='bbox 2700 2893 2943 2946; x_wconf 89' lang='lat' dir='ltr'><strong>omnes</strong></span> <span class='ocrx_word' id='word_1_137' title='bbox 2987 2870 3369 2963; x_wconf 87' lang='lat' dir='ltr'><strong>scriptores</strong></span> <span class='ocrx_word' id='word_1_138' title='bbox 3424 2890 3584 2945; x_wconf 87' lang='lat' dir='ltr'><strong>con-</strong></span> 
     </span>
     <span class='ocr_line' id='line_1_18' title="bbox 906 3002 3577 3103; baseline 0.001 -22"><span class='ocrx_word' id='word_1_139' title='bbox 906 3010 1324 3083; x_wconf 81' lang='lat' dir='ltr'><strong>troversiam</strong></span> <span class='ocrx_word' id='word_1_140' title='bbox 1361 3010 1572 3083; x_wconf 88' lang='lat' dir='ltr'><strong>istam</strong></span> <span class='ocrx_word' id='word_1_141' title='bbox 1607 3010 1694 3083; x_wconf 91' lang='lat' dir='ltr'><strong>de</strong></span> <span class='ocrx_word' id='word_1_142' title='bbox 1735 3008 2009 3101; x_wconf 88' lang='lat' dir='ltr'><strong>Sigeo</strong></span> <span class='ocrx_word' id='word_1_143' title='bbox 2044 3009 2263 3085; x_wconf 81' lang='lat' dir='ltr'><strong>fuisse</strong></span> <span class='ocrx_word' id='word_1_144' title='bbox 2292 3012 2759 3096; x_wconf 85' lang='lat' dir='ltr'><strong>consentiant,</strong></span> <span class='ocrx_word' id='word_1_145' title='bbox 2790 3009 3141 3101; x_wconf 85' lang='lat' dir='ltr'><strong>Diogenis</strong></span> <span class='ocrx_word' id='word_1_146' title='bbox 3172 3002 3577 3103; x_wconf 76' lang='grc' dir='ltr'>Ἀχιλλείτις</span> 
     </span>
     <span class='ocr_line' id='line_1_19' title="bbox 905 3142 3599 3244; baseline 0.001 -28"><span class='ocrx_word' id='word_1_147' title='bbox 905 3149 1108 3244; x_wconf 82' lang='grc' dir='ltr'><strong>χώρα</strong></span> <span class='ocrx_word' id='word_1_148' title='bbox 1158 3146 1460 3221; x_wconf 83' lang='lat' dir='ltr'><strong>fortasse</strong></span> <span class='ocrx_word' id='word_1_149' title='bbox 1511 3149 1692 3222; x_wconf 91' lang='lat' dir='ltr'><strong>nihil</strong></span> <span class='ocrx_word' id='word_1_150' title='bbox 1743 3150 1942 3222; x_wconf 91' lang='lat' dir='ltr'><strong>aliud</strong></span> <span class='ocrx_word' id='word_1_151' title='bbox 1995 3150 2350 3240; x_wconf 89' lang='lat' dir='ltr'><strong>significat</strong></span> <span class='ocrx_word' id='word_1_152' title='bbox 2398 3156 2609 3240; x_wconf 83' lang='lat' dir='ltr'><strong>atque</strong></span> <span class='ocrx_word' id='word_1_153' title='bbox 2668 3149 2795 3221; x_wconf 87' lang='lat' dir='ltr'><strong>illa</strong></span> <span class='ocrx_word' id='word_1_154' title='bbox 2842 3142 3095 3223; x_wconf 77' lang='grc' dir='ltr'>Ἰλιὰς</span> <span class='ocrx_word' id='word_1_155' title='bbox 3145 3150 3427 3243; x_wconf 84' lang='grc' dir='ltr'>χώρα,</span> <span class='ocrx_word' id='word_1_156' title='bbox 3481 3146 3599 3219; x_wconf 84' lang='lat' dir='ltr'><strong>de·</strong></span> 
     </span>
     <span class='ocr_line' id='line_1_20' title="bbox 905 3262 3577 3381; baseline -0.001 -24"><span class='ocrx_word' id='word_1_157' title='bbox 905 3306 1046 3375; x_wconf 90' lang='lat' dir='ltr'><strong>qua</strong></span> <span class='ocrx_word' id='word_1_158' title='bbox 1095 3284 1625 3360; x_wconf 87' lang='lat' dir='ltr'><strong>Herodotus</strong></span> <span class='ocrx_word' id='word_1_159' title='bbox 1665 3262 2149 3360; x_wconf 84' lang='lat' dir='ltr'><strong>Athenienses</strong></span> <span class='ocrx_word' id='word_1_160' title='bbox 2205 3292 2281 3360; x_wconf 90' lang='lat' dir='ltr'><strong>et</strong></span> <span class='ocrx_word' id='word_1_161' title='bbox 2315 3285 2792 3381; x_wconf 87' lang='lat' dir='ltr'><strong>Mytilenaeos</strong></span> <span class='ocrx_word' id='word_1_162' title='bbox 2846 3288 3002 3379; x_wconf 89' lang='lat' dir='ltr'><strong>ipso</strong></span> <span class='ocrx_word' id='word_1_163' title='bbox 3056 3308 3140 3359; x_wconf 91' lang='lat' dir='ltr'><strong>eo</strong></span> <span class='ocrx_word' id='word_1_164' title='bbox 3168 3284 3383 3356; x_wconf 87' lang='lat' dir='ltr'><strong>&#39;bello</strong></span> <span class='ocrx_word' id='word_1_165' title='bbox 3420 3302 3577 3356; x_wconf 90' lang='lat' dir='ltr'><strong>con-</strong></span> 
     </span>
     <span class='ocr_line' id='line_1_21' title="bbox 904 3416 3573 3522; baseline -0.002 -27"><span class='ocrx_word' id='word_1_166' title='bbox 904 3424 1220 3497; x_wconf 79' lang='lat' dir='ltr'><strong>tendisse</strong></span> <span class='ocrx_word' id='word_1_167' title='bbox 1249 3426 1454 3498; x_wconf 83' lang='lat' dir='ltr'><strong>testis</strong></span> <span class='ocrx_word' id='word_1_168' title='bbox 1493 3430 1644 3497; x_wconf 81' lang='lat' dir='ltr'><strong>est:</strong></span> <span class='ocrx_word' id='word_1_169' title='bbox 1705 3416 2127 3522; x_wconf 79' lang='grc' dir='ltr'>(Ἀθηναῖοι)</span> <span class='ocrx_word' id='word_1_170' title='bbox 2182 3424 2680 3500; x_wconf 80' lang='grc' dir='ltr'>ἀποδεικνύντες</span> <span class='ocrx_word' id='word_1_171' title='bbox 2732 3448 2805 3494; x_wconf 85' lang='grc' dir='ltr'><strong>τε</strong></span> <span class='ocrx_word' id='word_1_172' title='bbox 2844 3423 3025 3521; x_wconf 83' lang='grc' dir='ltr'>λόγῳ</span> <span class='ocrx_word' id='word_1_173' title='bbox 3080 3421 3269 3493; x_wconf 81' lang='grc' dir='ltr'>οὐδὲν</span> <span class='ocrx_word' id='word_1_174' title='bbox 3319 3420 3573 3516; x_wconf 84' lang='grc' dir='ltr'>μᾶλλον</span> 
     </span>
     <span class='ocr_line' id='line_1_22' title="bbox 905 3555 3057 3662; baseline 0.001 -32"><span class='ocrx_word' id='word_1_175' title='bbox 905 3555 1213 3633; x_wconf 80' lang='grc' dir='ltr'>Αἰολεῦσι</span> <span class='ocrx_word' id='word_1_176' title='bbox 1265 3562 1496 3657; x_wconf 82' lang='grc' dir='ltr'>μετεὸν</span> <span class='ocrx_word' id='word_1_177' title='bbox 1548 3569 1667 3659; x_wconf 81' lang='grc' dir='ltr'><strong>τῆς</strong></span> <span class='ocrx_word' id='word_1_178' title='bbox 1715 3556 2076 3641; x_wconf 78' lang='grc' dir='ltr'>Ἰλιάδος</span> <span class='ocrx_word' id='word_1_179' title='bbox 2128 3567 2414 3662; x_wconf 80' lang='grc' dir='ltr'><strong>χώρης</strong></span> <span class='ocrx_word' id='word_1_180' title='bbox 2464 3563 2512 3661; x_wconf 88' lang='grc' dir='ltr'>ἢ</span> <span class='ocrx_word' id='word_1_181' title='bbox 2568 3562 2644 3635; x_wconf 84' lang='grc' dir='ltr'><strong>οὐ</strong></span> <span class='ocrx_word' id='word_1_182' title='bbox 2694 3564 2803 3635; x_wconf 85' lang='grc' dir='ltr'><strong>καὶ</strong></span> <span class='ocrx_word' id='word_1_183' title='bbox 2858 3565 3057 3659; x_wconf 76' lang='grc' dir='ltr'><strong>σφίσι.</strong></span> 
     </span>
    </p>

    <p class='ocr_par' dir='ltr' id='par_1_8' title="bbox 901 3696 3611 4215">
     <span class='ocr_line' id='line_1_23' title="bbox 1106 3696 3611 3794; baseline -0.001 -20"><span class='ocrx_word' id='word_1_184' title='bbox 1106 3700 1254 3774; x_wconf 90' lang='lat' dir='ltr'><strong>Iam</strong></span> <span class='ocrx_word' id='word_1_185' title='bbox 1307 3725 1418 3775; x_wconf 91' lang='lat' dir='ltr'><strong>me</strong></span> <span class='ocrx_word' id='word_1_186' title='bbox 1473 3709 1810 3779; x_wconf 85' lang='lat' dir='ltr'><strong>converto</strong></span> <span class='ocrx_word' id='word_1_187' title='bbox 1890 3704 1981 3776; x_wconf 91' lang='lat' dir='ltr'><strong>ad</strong></span> <span class='ocrx_word' id='word_1_188' title='bbox 2052 3704 2283 3794; x_wconf 89' lang='lat' dir='ltr'><strong>ipsum</strong></span> <span class='ocrx_word' id='word_1_189' title='bbox 2335 3702 2812 3775; x_wconf 85' lang='lat' dir='ltr'><strong>Periandri</strong></span> <span class='ocrx_word' id='word_1_190' title='bbox 2862 3701 3263 3777; x_wconf 86' lang='lat' dir='ltr'><strong>arbitrium.</strong></span> <span class='ocrx_word' id='word_1_191' title='bbox 3372 3696 3611 3771; x_wconf 84' lang='lat' dir='ltr'><strong>Gom--</strong></span> 
     </span>
     <span class='ocr_line' id='line_1_24' title="bbox 901 3836 3571 3934; baseline -0.001 -24"><span class='ocrx_word' id='word_1_192' title='bbox 901 3846 1342 3914; x_wconf 87' lang='lat' dir='ltr'><strong>memoratur</strong></span> <span class='ocrx_word' id='word_1_193' title='bbox 1413 3860 1627 3914; x_wconf 88' lang='lat' dir='ltr'><strong>causa</strong></span> <span class='ocrx_word' id='word_1_194' title='bbox 1719 3842 1861 3915; x_wconf 89' lang='lat' dir='ltr'><strong>ista</strong></span> <span class='ocrx_word' id='word_1_195' title='bbox 1937 3843 2133 3934; x_wconf 89' lang='lat' dir='ltr'><strong>apud</strong></span> <span class='ocrx_word' id='word_1_196' title='bbox 2215 3842 2501 3919; x_wconf 88' lang='lat' dir='ltr'><strong>eosdem</strong></span> <span class='ocrx_word' id='word_1_197' title='bbox 2582 3847 2729 3914; x_wconf 85' lang='lat' dir='ltr'><strong>tres</strong></span> <span class='ocrx_word' id='word_1_198' title='bbox 2816 3846 3179 3914; x_wconf 88' lang='lat' dir='ltr'><strong>auctores:</strong></span> <span class='ocrx_word' id='word_1_199' title='bbox 3296 3836 3571 3910; x_wconf 87' lang='lat' dir='ltr'><strong>Herod.</strong></span> 
     </span>
     <span class='ocr_line' id='line_1_25' title="bbox 901 3975 3572 4081; baseline -0.001 -30"><span class='ocrx_word' id='word_1_200' title='bbox 901 3977 998 4073; x_wconf 81' lang='lat' dir='ltr'><strong>V,</strong></span> <span class='ocrx_word' id='word_1_201' title='bbox 1052 3980 1176 4051; x_wconf 85' lang='lat'><strong>95.</strong></span> <span class='ocrx_word' id='word_1_202' title='bbox 1254 3977 1494 4053; x_wconf 88' lang='lat' dir='ltr'><strong>Strab.</strong></span> <span class='ocrx_word' id='word_1_203' title='bbox 1543 4000 1612 4070; x_wconf 92' lang='lat' dir='ltr'><strong>p.</strong></span> <span class='ocrx_word' id='word_1_204' title='bbox 1669 3979 1842 4052; x_wconf 89' lang='grc'><strong>600.</strong></span> <span class='ocrx_word' id='word_1_205' title='bbox 1924 3978 2135 4070; x_wconf 87' lang='lat' dir='ltr'><strong>Diog.</strong></span> <span class='ocrx_word' id='word_1_206' title='bbox 2184 3976 2271 4051; x_wconf 87' lang='lat' dir='ltr'><strong>L.</strong></span> <span class='ocrx_word' id='word_1_207' title='bbox 2320 3978 2364 4081; x_wconf 26' lang='grc' dir='ltr'><strong>,Ι</strong></span> <span class='ocrx_word' id='word_1_208' title='bbox 2415 3979 2461 4074; x_wconf 62' lang='grc' dir='ltr'>ξ</span> <span class='ocrx_word' id='word_1_209' title='bbox 2512 3979 2634 4052; x_wconf 78' lang='grc'><strong>74.</strong></span> <span class='ocrx_word' id='word_1_210' title='bbox 2726 3978 3207 4052; x_wconf 87' lang='lat' dir='ltr'><strong>Brevissimus</strong></span> <span class='ocrx_word' id='word_1_211' title='bbox 3256 3975 3572 4051; x_wconf 88' lang='lat' dir='ltr'><strong>Strabo</strong></span> 
     </span>
     <span class='ocr_line' id='line_1_26' title="bbox 905 4112 3577 4215; baseline -0.003 -25"><span class='ocrx_word' id='word_1_212' title='bbox 905 4117 992 4190; x_wconf 89' lang='lat' dir='ltr'><strong>de</strong></span> <span class='ocrx_word' id='word_1_213' title='bbox 1048 4138 1134 4190; x_wconf 90' lang='lat' dir='ltr'><strong>ea</strong></span> <span class='ocrx_word' id='word_1_214' title='bbox 1181 4134 1275 4189; x_wconf 74' lang='lat' dir='ltr'><strong>re·</strong></span> <span class='ocrx_word' id='word_1_215' title='bbox 1308 4116 1428 4212; x_wconf 89' lang='lat' dir='ltr'><strong>(ut</strong></span> <span class='ocrx_word' id='word_1_216' title='bbox 1453 4118 1703 4209; x_wconf 86' lang='lat' dir='ltr'><strong>eapitis</strong></span> <span class='ocrx_word' id='word_1_217' title='bbox 1758 4118 2203 4208; x_wconf 87' lang='lat' dir='ltr'><strong>insequentis</strong></span> <span class='ocrx_word' id='word_1_218' title='bbox 2255 4119 2495 4193; x_wconf 81' lang='lat' dir='ltr'><strong>verbis</strong></span> <span class='ocrx_word' id='word_1_219' title='bbox 2542 4126 2690 4193; x_wconf 87' lang='grc' dir='ltr'><strong>πῶς</strong></span> <span class='ocrx_word' id='word_1_220' title='bbox 2740 4116 2869 4215; x_wconf 83' lang='grc' dir='ltr'><strong>γὰρ</strong></span> <span class='ocrx_word' id='word_1_221' title='bbox 2910 4116 2987 4187; x_wconf 86' lang='grc' dir='ltr'><strong>ἂν</strong></span> <span class='ocrx_word' id='word_1_222' title='bbox 3041 4113 3393 4213; x_wconf 78' lang='grc' dir='ltr'>αἱρεθῆναι</span> <span class='ocrx_word' id='word_1_223' title='bbox 3444 4112 3577 4183; x_wconf 83' lang='grc' dir='ltr'>διαι</span> 
     </span>
    </p>
   </div>
   <div class='ocr_carea' id='block_1_7' title="bbox 909 4372 1212 4383">
    <p class='ocr_par' dir='ltr' id='par_1_9' title="bbox 909 4372 1212 4383">
     <span class='ocr_line' id='line_1_27' title="bbox 909 4372 1212 4383; baseline -0.003 -1"><span class='ocrx_word' id='word_1_224' title='bbox 909 4372 1212 4383; x_wconf 52' lang='lat'><strong>*-</strong></span> 
     </span>
    </p>
   </div>
   <div class='ocr_carea' id='block_1_8' title="bbox 1219 4375 1526 4384">
    <p class='ocr_par' dir='ltr' id='par_1_10' title="bbox 1219 4375 1526 4384">
     <span class='ocr_line' id='line_1_28' title="bbox 1219 4375 1526 4384; baseline 0 1406"><span class='ocrx_word' id='word_1_225' title='bbox 1219 4375 1526 4384; x_wconf 95' lang='lat' dir='ltr'><strong> </strong></span> 
     </span>
    </p>
   </div>
   <div class='ocr_carea' id='block_1_9' title="bbox 895 4526 3572 5029">
    <p class='ocr_par' dir='ltr' id='par_1_11' title="bbox 895 4526 3572 5029">
     <span class='ocr_line' id='line_1_29' title="bbox 898 4526 3572 4612; baseline -0.001 -21"><span class='ocrx_word' id='word_1_226' title='bbox 898 4546 1062 4593; x_wconf 86' lang='lat' dir='ltr'><strong>nern</strong></span> <span class='ocrx_word' id='word_1_227' title='bbox 1110 4527 1152 4591; x_wconf 94' lang='lat' dir='ltr'><strong>b</strong></span> <span class='ocrx_word' id='word_1_228' title='bbox 1178 4528 1468 4593; x_wconf 70' lang='lat' dir='ltr'><strong>edran</strong></span> <span class='ocrx_word' id='word_1_229' title='bbox 1497 4546 1541 4612; x_wconf 88' lang='lat' dir='ltr'><strong>g</strong></span> <span class='ocrx_word' id='word_1_230' title='bbox 1567 4533 1622 4609; x_wconf 80' lang='lat' dir='ltr'><strong>t,</strong></span> <span class='ocrx_word' id='word_1_231' title='bbox 1674 4528 1764 4593; x_wconf 87' lang='lat' dir='ltr'><strong>da</strong></span> <span class='ocrx_word' id='word_1_232' title='bbox 1811 4529 2042 4595; x_wconf 84' lang='lat' dir='ltr'><strong>wurde</strong></span> <span class='ocrx_word' id='word_1_233' title='bbox 2085 4530 2384 4593; x_wconf 72' lang='lat' dir='ltr'><strong>Pittacus</strong></span> <span class='ocrx_word' id='word_1_234' title='bbox 2416 4528 2575 4594; x_wconf 82' lang='lat' dir='ltr'><strong>ete.‘</strong></span> <span class='ocrx_word' id='word_1_235' title='bbox 2666 4528 2817 4594; x_wconf 85' lang='lat' dir='ltr'><strong>Tali</strong></span> <span class='ocrx_word' id='word_1_236' title='bbox 2867 4527 3067 4594; x_wconf 88' lang='lat' dir='ltr'><strong>modo</strong></span> <span class='ocrx_word' id='word_1_237' title='bbox 3112 4526 3572 4591; x_wconf 81' lang='lat' dir='ltr'><strong>diversissima</strong></span> 
     </span>
     <span class='ocr_line' id='line_1_30' title="bbox 899 4614 3569 4698; baseline -0.001 -21"><span class='ocrx_word' id='word_1_238' title='bbox 899 4617 1287 4680; x_wconf 84' lang='lat' dir='ltr'><strong>testimonia</strong></span> <span class='ocrx_word' id='word_1_239' title='bbox 1329 4617 1502 4680; x_wconf 86' lang='lat' dir='ltr'><strong>inter</strong></span> <span class='ocrx_word' id='word_1_240' title='bbox 1547 4634 1620 4679; x_wconf 88' lang='lat' dir='ltr'><strong>ee</strong></span> <span class='ocrx_word' id='word_1_241' title='bbox 1664 4616 2117 4698; x_wconf 80' lang='lat' dir='ltr'><strong>conglutinari</strong></span> <span class='ocrx_word' id='word_1_242' title='bbox 2149 4635 2278 4679; x_wconf 92' lang='lat' dir='ltr'><strong>non</strong></span> <span class='ocrx_word' id='word_1_243' title='bbox 2314 4615 2581 4680; x_wconf 90' lang='lat' dir='ltr'><strong>debent.</strong></span> <span class='ocrx_word' id='word_1_244' title='bbox 2636 4614 2981 4680; x_wconf 86' lang='lat' dir='ltr'><strong>Canonem</strong></span> <span class='ocrx_word' id='word_1_245' title='bbox 3018 4614 3569 4679; x_wconf 80' lang='lat' dir='ltr'><strong>Dunekerianum</strong></span> 
     </span>
     <span class='ocr_line' id='line_1_31' title="bbox 897 4699 3567 4785; baseline -0.001 -20"><span class='ocrx_word' id='word_1_246' title='bbox 897 4706 1168 4767; x_wconf 77' lang='lat' dir='ltr'><strong>secutus</strong></span> <span class='ocrx_word' id='word_1_247' title='bbox 1237 4708 1338 4766; x_wconf 83' lang='lat' dir='ltr'><strong>est</strong></span> <span class='ocrx_word' id='word_1_248' title='bbox 1405 4703 1608 4767; x_wconf 83' lang='lat' dir='ltr'><strong>etiam</strong></span> <span class='ocrx_word' id='word_1_249' title='bbox 1671 4703 2122 4768; x_wconf 81' lang='lat' dir='ltr'><strong>Busoltius</strong></span> <span class='ocrx_word' id='word_1_250' title='bbox 2170 4702 2283 4766; x_wconf 86' lang='lat' dir='ltr'><strong>Gr.</strong></span> <span class='ocrx_word' id='word_1_251' title='bbox 2338 4701 2419 4766; x_wconf 84' lang='lat' dir='ltr'><strong>G.</strong></span> <span class='ocrx_word' id='word_1_252' title='bbox 2470 4702 2498 4765; x_wconf 92' lang='lat'>1</span> <span class='ocrx_word' id='word_1_253' title='bbox 2545 4722 2604 4785; x_wconf 89' lang='lat' dir='ltr'><strong>p.</strong></span> <span class='ocrx_word' id='word_1_254' title='bbox 2654 4704 2805 4765; x_wconf 70' lang='lat'>51⁴:</span> <span class='ocrx_word' id='word_1_255' title='bbox 2898 4701 3017 4782; x_wconf 80' lang='lat' dir='ltr'><strong>‚Es</strong></span> <span class='ocrx_word' id='word_1_256' title='bbox 3066 4699 3382 4765; x_wconf 87' lang='lat' dir='ltr'><strong>handelte</strong></span> <span class='ocrx_word' id='word_1_257' title='bbox 3426 4700 3567 4764; x_wconf 85' lang='lat' dir='ltr'><strong>sich</strong></span> 
     </span>
     <span class='ocr_line' id='line_1_32' title="bbox 895 4786 3566 4873; baseline -0 -23"><span class='ocrx_word' id='word_1_258' title='bbox 895 4788 1305 4853; x_wconf 83' lang='lat' dir='ltr'><strong>namentlieh</strong></span> <span class='ocrx_word' id='word_1_259' title='bbox 1353 4810 1466 4853; x_wconf 88' lang='lat' dir='ltr'><strong>um</strong></span> <span class='ocrx_word' id='word_1_260' title='bbox 1510 4789 1621 4853; x_wconf 89' lang='lat' dir='ltr'><strong>die</strong></span> <span class='ocrx_word' id='word_1_261' title='bbox 1667 4790 2107 4873; x_wconf 87' lang='lat' dir='ltr'><strong>Behauptung</strong></span> <span class='ocrx_word' id='word_1_262' title='bbox 2148 4789 2266 4853; x_wconf 88' lang='lat' dir='ltr'><strong>der</strong></span> <span class='ocrx_word' id='word_1_263' title='bbox 2312 4788 2519 4853; x_wconf 86' lang='lat' dir='ltr'><strong>Veste</strong></span> <span class='ocrx_word' id='word_1_264' title='bbox 2562 4786 3083 4867; x_wconf 80' lang='lat' dir='ltr'><strong>Achilleion,</strong></span> <span class='ocrx_word' id='word_1_265' title='bbox 3132 4787 3389 4851; x_wconf 78' lang='lat' dir='ltr'><strong>welche</strong></span> <span class='ocrx_word' id='word_1_266' title='bbox 3433 4802 3566 4849; x_wconf 83' lang='lat' dir='ltr'><strong>von</strong></span> 
     </span>
     <span class='ocr_line' id='line_1_33' title="bbox 895 4873 3569 4961; baseline -0.001 -24"><span class='ocrx_word' id='word_1_267' title='bbox 895 4874 1026 4940; x_wconf 89' lang='lat' dir='ltr'><strong>den</strong></span> <span class='ocrx_word' id='word_1_268' title='bbox 1072 4874 1552 4961; x_wconf 79' lang='lat' dir='ltr'><strong>Mytilenaeern</strong></span> <span class='ocrx_word' id='word_1_269' title='bbox 1601 4876 1980 4941; x_wconf 76' lang='lat' dir='ltr'><strong>nordwttrts</strong></span> <span class='ocrx_word' id='word_1_270' title='bbox 2030 4895 2158 4938; x_wconf 88' lang='lat' dir='ltr'><strong>von</strong></span> <span class='ocrx_word' id='word_1_271' title='bbox 2208 4875 2477 4959; x_wconf 87' lang='lat' dir='ltr'><strong>Sigeion</strong></span> <span class='ocrx_word' id='word_1_272' title='bbox 2525 4895 2635 4939; x_wconf 89' lang='lat' dir='ltr'><strong>am</strong></span> <span class='ocrx_word' id='word_1_273' title='bbox 2682 4874 3030 4939; x_wconf 81' lang='lat' dir='ltr'><strong>Ausssusse</strong></span> <span class='ocrx_word' id='word_1_274' title='bbox 3074 4874 3197 4939; x_wconf 87' lang='lat' dir='ltr'><strong>dee</strong></span> <span class='ocrx_word' id='word_1_275' title='bbox 3242 4873 3569 4937; x_wconf 86' lang='lat' dir='ltr'><strong>Skaman-</strong></span> 
     </span>
     <span class='ocr_line' id='line_1_34' title="bbox 896 4961 3295 5029; baseline 0 -4"><span class='ocrx_word' id='word_1_276' title='bbox 896 4962 1052 5029; x_wconf 81' lang='lat' dir='ltr'><strong>dros</strong></span> <span class='ocrx_word' id='word_1_277' title='bbox 1098 4964 1339 5028; x_wconf 83' lang='lat' dir='ltr'><strong>erbaut</strong></span> <span class='ocrx_word' id='word_1_278' title='bbox 1383 4964 1520 5028; x_wconf 89' lang='lat' dir='ltr'><strong>und</strong></span> <span class='ocrx_word' id='word_1_279' title='bbox 1561 4963 2165 5029; x_wconf 85' lang='lat' dir='ltr'><strong>anseheinend</strong></span> <span class='ocrx_word' id='word_1_280' title='bbox 2212 4962 2637 5027; x_wconf 81' lang='lat' dir='ltr'><strong>ernetlieh</strong></span> <span class='ocrx_word' id='word_1_281' title='bbox 2686 4961 3045 5025; x_wconf 88' lang='lat' dir='ltr'><strong>bedroht</strong></span> <span class='ocrx_word' id='word_1_282' title='bbox 3100 4962 3295 5026; x_wconf 52' lang='grc' dir='ltr'><strong>ποτέ</strong></span> 
     </span>
    </p>
   </div>
  </div>
 </body>
</html>
