4057 5790
1937 563 2502 632 -112--

884 836 1037 888 rum
1070 837 1308 888 rerum
1337 819 1606 912 potitus
1663 819 2016 893 iuvenes
2071 819 2395 912 adpellat
2431 821 2585 912 ipse
2616 819 3006 917 (Herod.I,
3052 825 3209 916 61),
3249 824 3324 895 id
3362 825 3556 914 quod

880 951 1029 1027 fere
1101 956 1508 1030 554--553
1576 956 1795 1030 fuisse
1871 955 2063 1029 infra
2110 964 2448 1049 patescet.
2570 959 2828 1033 Paullo
2880 969 3046 1052 post
3098 963 3318 1052 igitur
3368 961 3555 1035 Pisi-

883 1099 1150 1169 stratus
1221 1097 1356 1168 iam
1415 1093 1760 1188 Argivam
1840 1097 2037 1170 illam
2068 1179 2079 1190 ⁶
2108 1097 2443 1170 feminam
2495 1099 2569 1169 in
2650 1100 3184 1172 matrimonium
3264 1098 3551 1172 duxisse

767 1235 774 1241 “
887 1238 1127 1324 potest
1175 1231 1406 1324 (Plut.
1459 1232 1613 1307 Cat.
1667 1235 1828 1306 mai.
1887 1233 2043 1326 24).
2152 1233 2358 1326 Quod
2406 1235 2467 1306 si
2525 1236 2928 1328 statuimus,
2984 1231 3554 1328 Hegesistra·
3604 1247 3611 1266 ¹

880 1376 1030 1444 tus
1081 1373 1482 1445 534—533
1525 1373 1804 1448 circiter
1833 1375 1929 1445 20
1961 1394 2184 1446 annos
2214 1379 2423 1447 natus
2464 1371 2703 1446 fuerit.
2778 1371 3242 1447 Pisistratum
3278 1380 3549 1467 autem,

887 1509 1012 1581 ubi
1065 1512 1365 1605 primum
1424 1510 1640 1603 Sigeo
1691 1512 1963 1605 potitus
2019 1517 2234 1603 essct,
2288 1511 2509 1583 filium
2560 1534 2763 1584 suum
2814 1514 3266 1587 constituisse
3318 1520 3557 1606 tyran-

880 1670 1044 1721 num
1107 1671 1194 1724 cx
1237 1649 1697 1764 Herodoti
1766 1650 2003 1723 verbis
2058 1651 2335 1725 elucet:
2410 1648 2751 1747 κρατήσας
2802 1648 2876 1720 δὲ
2931 1647 3133 1720 αὐτοῦ
3184 1649 3551 1746 κατέστησε

877 1786 1192 1884 τύραννον
1276 1788 1439 1858 εἶναι
1515 1786 1730 1858 παῖδα
1809 1788 1918 1858 τὸν
2002 1789 2254 1858 ἑωυτοῦ
2332 1785 2528 1859 νόθον
2570 1780 3123 1884 Ἡγησίστρατον.
3224 1786 3549 1860 Efficitur

880 1913 1100 2017 igitur
1153 1927 1318 2001 hinc
1390 1929 1771 2020 terminus,
1851 1933 2022 2000 ante
2108 1948 2313 2018 quem
2382 1928 2588 2019 illud,
2659 1927 2844 2017 quod
2928 1924 3343 2000 Herodotus
3422 1926 3541 1998 de-

880 2064 1126 2137 scribit
1175 2064 1443 2136 bellum
1495 2064 1771 2136 finitum
1823 2085 1979 2137 esse
2036 2087 2178 2137 uon
2234 2069 2492 2156 potest.
2604 2065 2751 2136 528
2783 2066 2919 2136 iam
2958 2071 3303 2156 tyrannus
3333 2083 3547 2136 senex

881 2305 1043 2381 σίνης
1086 2305 1189 2383 τῆς
1223 2300 1474 2367 Ἱππίου
1547 2303 1886 2387 quomodo
1955 2303 2389 2387 accipiendus
2466 2304 2573 2384 sit,
2653 2303 3016 2368 scholiasta
3080 2303 3323 2368 rectius
3380 2303 3551 2367 vidit

877 2389 1352 2470 Hesychius
1399 2410 1452 2454 s,
1507 2411 1568 2454 v.
1641 2393 1958 2472 Βυρσίνης·
2021 2393 2345 2473 Μυρρίνης·
2408 2386 2477 2469 ἦν
2525 2392 2593 2452 δὲ
2648 2414 2796 2468 αυτη
2839 2393 2977 2472 γυνη
3008 2387 3259 2454 Ἱππίου
3304 2395 3410 2453 τοῦ
3451 2414 3547 2452 τυ-

875 2471 2332 2646 3553}..³31:z“f.,{33⁶3{‘0..ss⁶1’?52‘033
2362 2475 3142 2674 ἒρῗῑέἔὲἓᾞῖῗὲὶᾶἓξ
3163 2477 3546 2626 ιῖἐῗίἕξῖἒξ

877 2647 1424 2730 Thucydideo
1467 2649 1719 2730 11,55:
1775 2646 2199 2733 Ἱππάρχου
2244 2646 2440 2724 οὖδεὶς
2504 2658 2648 2723 παῖς
2686 2655 3038 2732 γέγραπται,
3092 2647 3416 2713 Ἱππίου
3480 2651 3551 2711 δὲ

875 2737 1074 2814 πέντε,
1121 2737 1182 2796 οἰ
1222 2733 1382 2824 αυτῷ
1437 2735 1503 2800 ἐκ
1544 2738 1627 2799 Μ
1631 2759 1664 2798 υ
1680 2739 1973 2820 ορίνης
2022 2740 2123 2815 τῆς
2166 2737 2436 2799 Καλλίου
2479 2739 2583 2798 τοῦ
2626 2731 3031 2820 ‘Y'nspoxidov
3078 2737 3379 2820 θυγατρὸς
3422 2733 3551 2817 ἐγέ-

878 2843 1069 2883 νοντο.
1157 2819 1306 2886 Iam
1367 2839 1528 2886 vero
1587 2841 1760 2907 quae
1807 2821 1890 2885 de
1935 2823 2280 2906 Myrrhina
2324 2823 2525 2885 refert
2570 2820 2949 2903 scholiasta,
3003 2839 3085 2884 ea
3133 2820 3239 2884 vel
3284 2822 3369 2884 de
3414 2820 3553 2884 alia

877 2906 1139 2989 virgine
1199 2909 1444 2973 tradita
1503 2914 1682 2973 sunt:
1761 2908 2357 2990 HerodotusI‚
2408 2908 2493 2971 60
2558 2909 2859 2992 Phyain
2933 2908 3320 2991 quandam,
3396 2910 3552 2993 pagi

875 2993 1298 3058 Paianiensis
1347 2995 1699 3059 mulierem
1745 2996 1813 3059 in
1863 3015 2120 3060 morem
2176 2996 2519 3059 Minervae
2564 2999 2869 3059 ornatam
2896 2996 3311 3059 Pisistratum
3346 2994 3550 3058 Athe-

878 3097 999 3142 nas
1066 3080 1420 3146 reduxisse
1475 3083 1803 3165 perhibet.
1905 3082 2165 3146 Eadem
2216 3082 2511 3146 narratio
2557 3084 2843 3163 repetita
2895 3086 2992 3145 est
3038 3081 3215 3164 apud
3264 3080 3545 3145 Valer.

775 3182 778 3187 ·
877 3166 1154 3231 Maxim.
1191 3167 1244 3231 1.
1279 3169 1345 3248 2,
1381 3168 1950 3251 2(Polyaenus
1994 3168 2204 3248 1.21,
2258 3170 2292 3232 1
2338 3169 2516 3232 hunc
2558 3168 3015 3232 Pisistrati
3065 3168 3351 3231 reditum
3399 3186 3553 3231 cum

877 3251 1090 3317 altero
1119 3272 1472 3337 perperam
1509 3256 1985 3333 commiscuit).
2035 3256 2393 3321 Praeterea
2425 3274 2513 3320 ex
2536 3259 2775 3319 octavo
2800 3253 2985 3320 Glid
3006 3256 3165 3318 emi
3190 3254 3551 3317 Nostorurn

876 3338 1044 3405 libro
1092 3340 1369 3422 (Athen.
1421 3362 1486 3425 p.
1537 3341 1690 3422 609)
1753 3343 2228 3426 comperimuS,
2280 3342 2598 3423 Phyam
2642 3342 2820 3405 hanc
2866 3341 3153 3405 Socratis
3202 3340 3551 3405 cuiusdam

877 3424 1082 3489 filiam
1159 3428 1364 3491 fuisse
1437 3428 1861 3511 eandemque
1932 3440 2168 3511 postea
2238 3446 2279 3491 a
2329 3428 2675 3492 Pisistrato
2722 3428 3201 3511 Hipparcho
3278 3426 3413 3490 filio
3482 3428 3547 3489 in

878 3513 1376 3577 matrimonium
1421 3514 1646 3579 datam
1674 3533 1843 3580 esse.
1922 3516 2069 3579 Hoc
2111 3516 2523 3587 confusionis
2571 3533 2807 3578 ansam
2856 3514 3241 3596 praebuisse
3286 3514 3552 3577 videtur

881 3600 1280 3664 scholiastae
1337 3602 1599 3682 ignat-0,
1668 3602 1782 3684 qui
1831 3606 1900 3665 ut
1948 3602 2477 3703 Myrrhinam,
2530 3602 2814 3685 Hippiae
2860 3602 3241 3682 coniugem,
3294 3602 3546 3664 temere

879 3688 1286 3751 consociavit
1331 3706 1484 3751 curn
1530 3688 1992 3753 Pisistrato
2040 3694 2255 3771 patre,
2322 3689 2418 3751 ita
2462 3688 2528 3751 in
2578 3707 2731 3752 eam
2778 3686 3139 3769 transtulit,
3192 3704 3366 3770 quae
3414 3704 3550 3750 non

878 3773 1005 3836 nisi
1051 3773 1136 3836 ad
1187 3773 1648 3857 Hipparchi
1697 3775 1893 3838 istam
1941 3792 2224 3839 uxorem
2282 3775 2716 3857 pertinerent.
2837 3770 3131 3853 Omnino
3204 3774 3409 3855 patris
3483 3778 3552 3836 et

877 3856 1168 3923 filiorum
1194 3878 1299 3924 res
1325 3864 1657 3943 quatenus
1677 3862 1854 3925 inter
1877 3880 1950 3925 se
1978 3866 2402 3944 permutatae
2428 3862 2563 3924 sint
2584 3859 2687 3924 vel
2714 3878 2800 3925 ex
2824 3861 3131 3943 proxima
3151 3858 3202 3921 A
3224 3860 3303 3922 th
3324 3878 3413 3923 en
3434 3860 3553 3923 aei

881 3945 974 4028 (p.
1004 3943 1156 4029 609)
1205 3948 1591 4012 narratione
1637 3948 1938 4031 adparet,
1991 3965 2166 4030 quae
2212 3949 2440 4012 nescio
2488 3966 2570 4011 an
2620 3946 2703 4011 ad
2754 3946 3043 4010 eundem
3090 3942 3550 4010 Clidemum

876 4030 1262 4096 revocanda
1336 4034 1451 4096 sit:
1543 4034 1670 4097 Καὶ
1727 4032 1836 4098 Ya
1854 4058 1888 4116 ρ
1901 4057 2046 4115 μου
2135 4036 2239 4097 τοῦ
2302 4032 2902 4145 πολεμαρχήσαντος
2948 4035 3251 4151 θυγατέρα
3339 4029 3555 4113 ἔλαβεν

863 4114 1172 4205 Ἱππία,
1242 4118 1790 4203 περικαλλεστατην
1856 4116 2061 4198 οὖσαν,
2106 4124 2191 4207 τῷ
2234 4118 2361 4199 μετ’
2406 4118 2584 4185 ata-av
2626 4118 3103 4203 τυραννεύσαντι.
3190 4113 3417 4200 Συνέβη
3460 4120 3551 4193 δε,

857 4203 959 4353 2³23
1001 4223 1170 4354 2⁰53
1208 4204 1606 4355 55252‘2‘25‘55
1645 4205 1906 4368 ,ἶρίἹ-ἱῗῖ
1947 4230 2056 4355 {⁰²²
2082 4203 2334 4356 οἷῗῖῗῗ
2352 4234 2399 4355 ἐ
2399 4210 2837 4374 ”ZZZ‘inff
2868 4201 3555 4371 }?50“5‘}}.‡3312“‘{3fflti

878 4315 1104 4461 pofest
1151 4314 1307 4441 essee
1348 4316 1958 4461 comprobaQturque
1993 4317 2500 4461 ξιῐὴὶᾶοςζσζκρὴί
2543 4379 2995 4441 testimonium
3040 4376 3185 4439 loco
3234 4376 3551 4439 Pausa·

878 4463 1436 4543 niae1.30,1,
1516 4465 1703 4529 cuius
1773 4464 2045 4548 quidem
2098 4464 2269 4528 oculi
2330 4466 2545 4548 ipsum
2600 4466 3015 4567 epigramma
3060 4482 3193 4525 non
3240 4463 3550 4544 inspexe-

875 4555 1063 4614 runt.
1154 4551 1294 4631 Πρὸ
1339 4551 1406 4613 δὲ
1448 4554 1549 4630 τῆς
1601 4550 1816 4615 ἐσόδου
1861 4554 1959 4630 τῆς
2003 4550 2066 4623 ἐς
2120 4548 2501 4629 Ἀκαδημίαν
2554 4550 2681 4615 ἐστι
2721 4556 2926 4639 βῳμός
2976 4547 3331 4629 ’Ἑρωτος
3396 4546 3552 4631 ἔχων

877 4635 1250 4720 ἐπίγραμμα,
1295 4634 1376 4713 ὡς
1417 4636 1748 4719 Χάρμος
1787 4634 2145 4718 Ἀθηναίων
2188 4640 2426 4722 πρῶτος
2452 4635 2692 4720 ’Έρωτι
2742 4632 3022 4716 ἀναθείη.
3138 4633 3332 4717 Quae
3402 4652 3552 4698 nar·

879 4725 1048 4787 ratio
1118 4740 1318 4805 quam
1387 4720 1632 4787 stolide
1707 4730 1973 4808 postero
2042 4729 2343 4805 tempore
2398 4724 2732 4787 infuscata
2794 4724 2902 4797 sit,
2990 4720 3195 4803 probe
3263 4722 3553 4784 cernitur

880 4828 967 4873 ex
1009 4808 1462 4873 Plutarcho
1534 4808 1700 4892 (Sol.
1754 4829 1813 4874 c.
1835 4810 1964 4921 ”1):
2062 4811 2325 4891 Λέγεται
2387 4810 2453 4873 δὲ
2499 4814 2601 4872 καὶ
2660 4811 3246 4891 Πεισίστρατος
3296 4805 3553 4891 ἐραστης

879 4894 1190 4978 Χάρμου
1231 4899 1523 4977 γενέσθαι
1567 4902 1670 4959 καὶ
1721 4899 1793 4961 τὸ
1827 4894 2068 4979 αγαλμα
2111 4897 2215 4960 τοῦ
2260 4892 2358 4958 E
2372 4919 2405 4982 ρ
2425 4920 2619 4971 ωτος
2660 4896 2724 4959 ἐν
2756 4894 3103 4996 Ἀκαδημίᾳ
3145 4895 3550 4979 καθιερῶσαι.

881 5014 963 5029 -
1011 4982 1330 5063 Phyam
1379 4988 1649 5065 postero
1699 4988 1999 5065 tempore
2046 4982 2131 5047 ob
2178 4981 2362 5046 illam
2408 5000 2677 5046 eausam
2712 4982 2797 5046 ab
2822 4980 3343 5045 Atheniensibus
3370 4978 3550 5043 dam-
