4057 5790
1579 575 2087 644 ...25—

495 811 932 885 voluntarios
988 814 1364 903 accepisse,
1444 808 1771 904 δόγματος
1821 810 2214 916 γενομένου,
2294 811 2587 894 τούτους,
2643 808 2721 882 ἂν
2774 818 3168 908 κατασχῶσι

490 947 610 1045 τὴν
662 955 885 1046 νῆσον,
937 951 1196 1046 κυρίους
1249 948 1416 1020 εἶναι
1462 953 1577 1019 τοῦ
1629 947 2110 1042 πολιτεύματος
2160 945 2246 1046 ¹).

451 1171 461 1176 ,
695 1085 1186 1162 Udalricus
1221 1087 1738 1160 Koehlerus
1768 1083 2049 1184 (Mitth.
2075 1088 2143 1160 d.
2176 1087 2387 1161 Arch.
2416 1089 2591 1160 Inst.
2640 1088 2745 1159 lX
2769 1091 3012 1182 p.117‘
3033 1087 3167 1186 sq.)

493 1246 720 1319 nuper
772 1226 1310 1320 inscriptionem
1360 1226 1627 1317 publici
1681 1225 2099 1318 iurisfecit,
2154 1240 2359 1315 quam
2416 1244 2567 1298 cum
2606 1229 2765 1319 ipsa
2813 1227 2943 1302 hac
2974 1224 3167 1300 Sala-

493 1364 704 1437 minis
753 1364 1206 1458 occupatione
1237 1370 1391 1438 arte
1423 1365 1546 1438 ille
1583 1365 1736 1438 vult
1763 1364 2116 1454 coniungi.
2204 1363 2429 1436 Tituli
2470 1365 2819 1455 scriptura
2846 1367 3164 1456 proxime

495 1503 764 1576 accedit
815 1505 906 1578 ad
960 1503 1498 1597 inscriptionem
1553 1502 1778 1598 illam,
1835 1498 2523 1595 quam'PisistratuS,
2582 1501 2894 1594 Hippiae
2948 1503 3165 1590 filius,

490 1641 565 1712 in
630 1641 874 1735 Pythii
952 1663 1080 1715 ara
1163 1641 1700 1734 insculpendam
1787 1641 2063 1716 curavit
2118 1639 2373 1732 (Thac.
2431 1639 2556 1716 VI.
2614 1641 2737 1713 54.
2820 1639 2905 1716 O.
2958 1643 3013 1714 1.
3070 1641 3161 1714 A.

427 1853 444 1871 ‚
490 1776 624 1871 IV,
681 1775 880 1877 373).
988 1777 1134 1854 Sed
1189 1782 1454 1873 optime
1511 1781 1668 1853 fieri
1723 1784 1982 1872 potest,
2039 1784 2119 1851 ut
2172 1778 2426 1852 titulus
2478 1779 2603 1850 ille
2645 1778 2996 1880 Kochleri
3031 1780 3163 1854 hac

495 1917 956 2010 inscriptione
1008 1921 1371 2010 aliquanto
1424 1917 1643 1993 fuerit
1697 1919 1810 1992 vel
1856 1918 2219 2008 antiquior
2252 1917 2367 1990 vel
2403 1917 2778 1990 recentior.
2860 1915 3167 1991 Koehle-

492 2077 614 2128 rus
667 2058 976 2152 quidem,
1032 2065 1280 2151 utpote
1336 2061 1457 2150 qui
1513 2059 1872 2134 decretum
1927 2057 2106 2130 illud
2163 2056 2251 2129 ad
2288 2023 2514 2149 ipsam
2554 2053 2933 2131 Salaminis
2974 2073 3167 2132 occu·

487 2195 850 2287 pationem
901 2205 1228 2291 revocet,
1276 2198 1473 2270 tituli
1520 2198 1869 2289 originem
1898 2197 2257 2269 nimirum
2316 2216 2523 2287 quam
2578 2200 2817 2288 potest
2868 2197 3166 2269 maxime

381 2305 388 2310 ¹
491 2314 830 2409 removet.
939 2335 1054 2408 De
1107 2336 1592 2429 inscriptionis
1646 2343 2069 2426 argumento
2118 2335 2243 2407 ille
2300 2335 2471 2409 haec
2518 2332 2688 2408 facit
2736 2335 2957 2407 verba
3010 2335 3060 2404 l.
3113 2333 3161 2408 l.

489 2497 560 2568 p.
609 2474 794 2568 118;
849 2473 1017 2568 ,Die
1053 2473 1389 2548 Inschrift
1433 2475 1739 2548 enthielt
1785 2476 1994 2548 einen
2025 2473 2658 2567 Volksbeschluss,
2697 2473 2828 2544 der
2864 2493 3073 2564 auge
3091 2495 3165 2544 n·

331 2671 354 2690 ,
487 2613 996 2688 scheinlich
1047 2616 1200 2686 mit
1253 2616 1404 2688 der
1455 2613 2057 2688 Besitznahme
2112 2634 2265 2686 von
2324 2609 2693 2686 Salamis
2746 2612 2819 2684 in
2862 2609 3168 2684 Verbin-

404 2853 410 2860 .
485 2750 678 2840 dung
713 2753 946 2825 stand.
1003 2753 1114 2824 Zu
1149 2751 1442 2843 Anfang
1480 2774 1624 2825 war
1661 2753 1776 2825 die
1817 2749 2439 2826 staatsrechtliche
2483 2746 2818 2840 Stellung
2852 2771 2989 2822 von
3027 2747 3164 2822 Be·

483 2888 819 2962 wohnern
876 2913 1008 2964 von
1050 2889 1354 2965 Salamis
1408 2891 1768 2983 geregelt3
1822 2891 2046 2963 daran
2101 2890 2463 2963 schlossen
2504 2887 2653 2965 sich
2684 2886 3158 2960 Bestimmun·

482 3049 619 3118 gen
675 3028 852 3101 iiber
904 3012 1020 3102 die
1077 3028 1588 3122 Verpachtung
1642 3052 1774 3103 von
1827 3032 1901 3101 in
1941 3030 2184 3103 Besitz
2240 3029 2621 3104 derselben
2679 3026 3148 3101 befindlichen

483 3164 1040 3239 Grundstiioken
1097 3188 1217 3259 an,
1270 3165 1385 3239 fiir
1429 3166 1568 3239 den
1611 3166 1796 3258 Fau,
1854 3168 2023 3241 dass
2062 3169 2167 3241 sie
2204 3168 2411 3241 ihren
2450 3166 2830 3240 Wohnsitz
2858 3169 3161 3239 'ausser-

479 3304 648 3378 halb
705 3305 838 3377 der
889 3303 1082 3378 Insel
1141 3304 1595 3395 ausschlagen
1650 3306 1996 3381 wurden.‘
2108 3304 2255 3380 Sed
2330 3328 2608 3399 vereor,
2680 3313 2761 3380 ut
2833 3307 3162 3379 mutilata

487 3445 974 3535 inscriptionis
1025 3446 1241 3518 verba
1287 3446 1687 3520 etiamnunc
1764 3445 1853 3518 ad
1923 3450 2189 3521 certam
2245 3444 2597 3535 quandam
2666 3464 2817 3517 rem
2879 3450 3153 3535 gestam

493 3583 770 3675 possint
821 3582 1100 3657 referri.
1194 3582 1748 3659 Atheniensium
1803 3584 2323 3676 assignationes
2364 3581 2724 3657 Salamine
2779 3584 2855 3655 in
2912 3584 3157 3656 insula

487 3722 776 3794 omnino
831 3723 1066 3795 nescio
1123 3745 1217 3796 an
1293 3746 1436 3799 non
1516 3722 1785 3801 fuerint
1851 3725 1960 3797 ita
2010 3745 2239 3797 rarae.
2350 3722 2705 3797 Audimus
2791 3724 3157 3796 etiamtum

487 3860 733 3950 quinto
787 3862 1072 3937 saeculo
1130 3864 1424 3935 ineunte
1474 3863 1624 3937 illic
1676 3884 1921 3953 agrum
1977 3863 2689 3962 suppeditasse,·quo
2732 3862 2919 3935 viros
2974 3863 3157 3933 bene

484 3998 572 4071 de
626 4020 704 4071 se
759 4000 1050 4072 meritos
1103 4000 1683 4073 condonaverunt
1717 4000 2227 4073 Athenienses.
2308 4000 2611 4092 (Herod.
2650 3998 2856 4073 VIII.
2904 4000 3031 4072 11:
3088 3998 3159 4068 ἐν

484 4136 700 4234 ταύτῃ
751 4137 840 4233 τῇ
911 4140 1258 4234 ναυμαχίῃ
1313 4131 1827 4235 Ἀντίδωρος
1881 4132 2174 4234 Λήμνιος
2225 4142 2464 4232 μοῦνος
2537 4146 2669 4208 τῶν
2722 4136 2838 4207 σὺν
2906 4134 3163 4237 βασιλέι

473 4264 827 4371 Ἑλλήνων
881 4274 1126 4345 ἐόντων
1176 4274 1568 4369 αὐτομολέει
1621 4274 1690 4351 ἐς
1754 4274 1906 4350 τοὺς
1961 4268 2331 4371 ἽΞλληνας,
2387 4276 2495 4345 καὶ
2536 4276 2599 4345 οἱ
2636 4268 3001 4370 Ἀθηναῖοι
3056 4271 3161 4343 διὰ

487 4416 678 4481 τοῦτο
733 4412 808 4482 τὸ
869 4410 1058 4510 ἔργον
1121 4410 1362 4484 ἔδοσαν
1415 4403 1602 4511 αὐτῷ
1659 4422 1882 4510 χῶρον
1962 4411 2032 4482 ἐν
2103 4410 2482 4511 Σαλαμῖνι).
2589 4412 2663 4485 Κ
2666 4413 2998 4486 oehlerus
3058 4414 3159 4484 in·

635 4602 835 4611 ——---—
891 4602 967 4609 -υ-
989 4604 1106 4611 ---—..—

2326 4632 2345 4674 N

690 4706 762 4784 1)
851 4706 1108 4770 Horum
1155 4707 1512 4771 verborum
1561 4724 1728 4769 sane
1773 4704 1908 4769 alia
1937 4705 2105 4769 ratio
2142 4720 2292 4767 esse
2316 4702 2605 4766 videtur.
2656 4700 2894 4766 Certus
2926 4721 3153 4767 nnme-

486 4809 625 4871 rus,
676 4810 878 4874 quem
910 4794 1185 4857 exhibet
1213 4792 1719 4856 Plutarchus
1766 4790 2229 4875 proculdubio
2268 4789 2352 4853 ad
2391 4808 2622 4853 verum
2658 4790 2831 4852 redit
2862 4790 3154 4853 testimo·

483 4876 690 4941 nium.
783 4878 1194 4943 Πεντακὸσιοι
1239 4881 1418 4943 enim
1464 4879 1561 4942 illi
1619 4878 1940 4943 ἐθελονταί
2006 4876 2358 4941 clerucbos
2414 4877 2729 4940 nimirum
2776 4876 3157 4957 significant

491 4965 767 5029 Atticos.
867 4970 954 5031 At
999 4966 1264 5047 dubito‚-
1334 4986 1492 5030 num
1541 4966 1644 5029 his
1690 4984 1841 5029 oum
1886 4963 2175 5028 Solon
2205 4982 2243 5027 e
2289 4962 2426 5027 ulla
2470 4963 2923 5027 intercesserit
2966 4964 3152 5025 ratio,

2706 5084 2739 5139 5
