4057 5790
1511 603 1606 616 —
1721 559 2077 631 145—

455 805 799 894 moratur,
889 801 1081 874 inter
1135 801 1445 874 Zenonis
1531 809 1604 875 et
1655 799 2035 874 Cleanthis
2110 805 2407 874 mortem
2486 801 2968 895 intervallum,
3056 810 3134 876 ut

454 940 685 1030 ipsum
741 939 1054 1012 Zenonis
1101 940 1348 1013 mortis
1403 947 1682 1031 tempus
1729 937 2193 1031 redundaret,
2277 960 2417 1011 non
2498 939 2590 1010 ad
2642 960 2900 1012 annum
2956 940 3129 1032 232,

459 1077 586 1150 sed
639 1077 729 1148 ad
780 1078 926 1149 231
1003 1077 1418 1170 addendum=
1475 1076 1636 1150 fuit.
1740 1073 2069 1167 Adparet
2152 1075 2281 1148 hoc
2356 1075 2550 1167 inde,
2641 1077 2829 1166 quod
2904 1097 3133 1150 annus

453 1213 842 1286 Abrahami
898 1214 1121 1299 1753,
1179 1215 1269 1287 ad
1320 1177 1523 1305 quem
1580 1214 2061 1308 Hieronymus
2111 1215 2427 1287 Zenonis
2484 1219 2780 1289 mortem
2821 1221 3129 1306 revocat,

453 1373 595 1424 non
676 1351 1026 1442 genuinae
1111 1351 1526 1445 olympiadi,
1568 1353 1787 1444 129,1
1849 1353 1974 1424 sed
2032 1353 2259 1444 129,2
2306 1353 2713 1443 respondet.
2817 1350 3125 1424 Hiero-

453 1509 770 1580 nymus
825 1489 1013 1560 enim
1064 1490 1136 1560 in
1193 1490 1348 1580 ipsa
1400 1489 1670 1581 epocha
1722 1491 2187 1584 olympiadica
2222 1491 2721 1565 constituenda
2762 1512 2902 1562 uno
2942 1511 3128 1562 auno

455 1626 820 1717 deceptum
910 1648 1068 1698 esse
1167 1628 1464 1699 maxime
1551 1627 1663 1701 hic
1753 1629 2137 1701 tenendum
2188 1624 2259 1725 ¹).
2396 1626 2817 1720 Respondet
2902 1629 3170 1718 igitur-

451 1763 797 1856 olympias
874 1761 1441 1856 Hieronymiana
1496 1766 1714 1856 129,1
1777 1751 1915 1839 non
1977 1788 2165 1839 anno
2214 1766 2600 1839 christiano
2652 1761 2912 1860 264Ι3,
3000 1765 3128 1838 sed

451 1897 714 1992 263l2.
845 1903 1092 1990 Itaque
1183 1901 1457 1974 Zeno
1562 1925 1746 1977 anno
1827 1906 1980 1977 263
2070 1906 2413 1985 archonte
2512 1903 3127 1978 Arrhenide

454 2042 887 2132 (posteriore
980 2040 1148 2110 anni
1235 2047 1464 2134 parte,
1556 2043 1687 2114 sed
1776 2049 1942 2116 ante
2028 2064 2344 2116 mensem
2377 2044 3125 2134 „Maemacterionem)

454 2167 828 2252 defunctus
884 2185 1014 2250 est.
1114 2177 1274 2268 Quo
1331 2179 1416 2251 de
1471 2178 1741 2252 calculo
1797 2201 1882 2253 eo
1936 2181 2170 2253 minus
2225 2181 2491 2271 poterit
2560 2180 2899 2273 dubitari,
2987 2200 3125 2271 quo

454 2313 862 2387 Rohdius
899 2312 1198 2387 Eusebii
1237 2317 1414 2388 hanc
1450 2319 2041 2406 computationem
2092 2319 2180 2391 ad
2219 2318 2883 2412 Apollodorum,
2936 2316 3123 2392 Stoi-

453 2471 606 2526 cum
665 2459 741 2526 et
791 2455 1020 2548 ipsum
1080 2463 1154 2528 et
1203 2453 1535 2540 Panaetii
1616 2459 1908 2530 amicum
1979 2457 2214 2530 redire
2273 2457 2451 2529 satis
2504 2456 2875 2548 probabile
2928 2454 3117 2529 fecit.

458 2589 662 2683 Quae
712 2593 877 2665 hinc
929 2594 1017 2665 ad
1073 2593 1330 2665 seriem
1386 2593 1801 2667 archontum
1845 2594 2241 2668 Atticorum
2302 2595 2705 2667 redundant
2752 2593 3127 2668 manifesta

461 2737 666 2802 sunt:
721 2749 873 2804 cum
933 2732 1118 2803 enim
1170 2730 1264 2803 ol.
1327 2729 1922 2826 129,2=263s2
1977 2732 2377 2804 necessario
2431 2736 2811 2824 occupetur
2860 2731 3125 2806 Arrhe-

461 2867 654 2959 nide,
709 2867 1072 2959 Diogneto
1128 2868 1218 2943 ol.
1281 2870 1501 2961 129,1
1534 2869 1884 2967 =264J3
1936 2870 2379 2943 reddendam
2433 2891 2589 2944 esse
2645 2871 2987 2962 sequitur.

582 3015 594 3025 ‘
665 3005 774 3079 Ac
831 3009 1220 3081 constituta
1265 3009 1422 3099 ipsa
1471 3008 1853 3081 Marmoris
1901 3008 2164 3103 epocha
2226 3010 2361 3082 iam
2427 3010 2515 3081 de
2552 3010 2875 3099 ratione,
2918 3030 3124 3099 quam

460 3150 710 3219 auctor
745 3144 1012 3217 Parius
1049 3147 1122 3217 in
1143 3146 1656 3237 computandis
1696 3146 1902 3217 annis
1939 3144 2372 3237 adhibuerit,
2413 3146 2816 3219 videndum.
2867 3143 3120 3236 Neque
3254 3190 3259 3195 ·

459 3283 642 3355 enim
683 3284 1264 3375 chronographus
1303 3282 1436 3355 sibi
1469 3284 1613 3385 ipsi,
1644 3283 1854 3377 plane
1882 3284 2233 3356 constitit:
2275 3305 2437 3357 nam
2478 3304 2658 3374 quae
2694 3282 2963 3357 indicat
2997 3284 3120 3355 ille

463 3421 842 3495 intervalla
892 3440 1042 3493 cum
1099 3441 1210 3511 eo,
1266 3441 1402 3511 quo
1462 3440 1636 3510 opus
1689 3417 2007 3512 confecit,
2079 3421 2385 3491 termino
2440 3442 2581 3493 non
2640 3442 2922 3512 semper
2969 3439 3127 3495 con·

455 3565 742 3652 gruunt,
802 3579 1041 3631 verum
1091 3558 1448 3631 interdum
1504 3560 1677 3630 anni
1732 3560 1962 3649 spatio
2015 3558 2281 3631 distant
2318 3559 2407 3630 ab
2444 3558 2594 3631 illo.
2673 3558 3122 3654 Doppius,

456 3698 576 3787 qui
654 3718 882 3787 nuper
959 3718 1100 3769 non
1177 3698 1330 3769 sine
1387 3698 1710 3771 acumine
1765 3698 1837 3767 in
1899 3697 2081 3769 hanc
2138 3718 2287 3767 rem
2347 3697 2739 3789 inquisivit,
2822 3696 3113 3770 Parium

453 3836 800 3908 rationem
857 3856 1054 3909 suam
1103 3836 1190 3908 ab
1245 3837 1334 3908 iis
1386 3836 1601 3908 rebus
1653 3836 2054 3908 instituisse
2108 3818 2374 3927 censet,
2436 3856 2617 3925 quae
2671 3836 2759 3907 ab
2815 3856 2900 3908 eo
2954 3842 3123 3907 tem-

447 3994 643 4065 pore,
734 3995 871 4063 quo
943 3973 1326 4071 chronicon
1406 3974 1852 4065 conscripsit,
1937 3972 2231 4045 minimo
2304 3972 2688 4045 intervallo
2744 3974 3121 4047 distarent.

447 4112 692 4203 Itaque
767 4133 926 4184 eum
1007 4114 1583 4203 progredientem
1641 4132 1684 4183 a
1733 4110 2125 4183 minoribus
2179 4110 2497 4182 numeris
2548 4111 2635 4183 ad
2690 4112 2999 4184 maiores
3045 4112 3121 4183 in

449 4270 536 4321 ea
587 4250 825 4340 operis
886 4256 1117 4343 parte,
1210 4272 1416 4341 quam
1473 4251 1672 4342 prius
1725 4234 2143 4341 composuit,
2224 4270 2511 4339 annum,
2566 4269 2704 4339 quo
2753 4250 2905 4340 ipse
2960 4251 3124 4323 scri-

451 4386 676 4471 beret,
751 4408 892 4459 non
965 4388 1353 4479 addidisse,
1435 4389 1573 4461 iam
1649 4409 1816 4459 vero
1883 4408 2033 4461 cum
2091 4388 2282 4461 inter
2334 4386 2789 4462 scribendum
2841 4394 3121 4479 tempus

451 4524 618 4595 anni
670 4525 934 4598 maiore
986 4548 1071 4599 ex
1126 4532 1326 4615 parte
1367 4525 1716 4617 dilapsum
1757 4532 1973 4615 esset,
2026 4547 2290 4598 annum
2332 4526 2421 4598 ab
2465 4547 2550 4598 eo
2592 4546 2749 4599 esse
2780 4525 3120 4599 additum.

451 4696 655 4705 -ο--Ί-
694 4698 889 4705 —————

513 4812 533 4829 κ
657 4784 720 4856 1)
766 4780 1170 4846 Rectissime
1244 4785 1370 4848 hoe
1441 4783 1699 4846 monuit
1758 4782 1816 4847 G
1844 4802 1883 4844 u
1914 4787 1992 4845 ts
2023 4785 2121 4845 ch
2150 4782 2330 4845 mid
2358 4783 2375 4843 i
2407 4800 2503 4845 us
2546 4781 2721 4865 apud
2772 4781 3119 4846 Flaehium

457 4864 703 4931 Chron.
758 4867 911 4932 Par.
967 4888 1028 4951 p.
1081 4868 1261 4934 XVI.
1318 4903 1392 4951 -,
1432 4866 1504 4931 In
1556 4870 1958 4933 Armeniaca
2003 4868 2282 4932 Eusebii
2354 4868 2793 4933 translatione
2838 4868 3124 4932 Zenonis

453 4971 631 5019 mors
677 4953 760 5016 ad
811 4954 900 5017 ol.
951 4954 1140 5035 128,¹
1193 4962 1547 5020 revocatus
1589 4961 1713 5021 est.
