4057 5790
1969 607 2043 619 ,,,
2168 567 2469 637 96...

885 807 1231 902 (videaris
1281 827 1452 880 sane
1503 807 1637 880 tibi
1691 769 1916 902 ipsius
1964 809 2217 881 arbitri
2268 808 2516 882 audire
2574 803 2886 906 verba)¹)
2950 809 3236 880 minime
3284 812 3413 881 aut
3465 808 3562 880 la-

877 944 1221 1021 befactari
1276 952 1401 1020 aut
1455 945 1817 1019 conscindi
1869 947 2061 1021 licet.
2172 945 2564 1020 Praeterea
2630 953 2865 1020 autem
2940 947 3313 1019 admodum
3368 947 3556 1040 miri-

875 1083 1079 1158 ficum
1153 1089 1264 1157 est
1349 1084 1436 1157 de
1516 1089 1667 1157 toto
1739 1085 1866 1158 illo
1930 1085 2196 1161 Pittaci
2270 1085 2655 1158 certamine
2728 1086 2914 1176 apud
2978 1083 3547 1157 Herodotum

876 1222 1162 1296 omnino
1211 1227 1490 1296 exstare
1541 1223 1745 1294 nihil.
1856 1221 2070 1297 Unde
2143 1222 2367 1314 igitur
2445 1223 2619 1297 haec
2696 1223 2890 1295 inter
2936 1243 3099 1294 eum
3154 1227 3227 1294 et
3280 1228 3559 1296 ceteros

875 1362 1262 1453 scriptores
1310 1362 1792 1453 discrepantia
1843 1369 1920 1434 et
1972 1367 2131 1434 orta
2186 1367 2261 1433 et
2316 1360 2744 1452 explicanda
2796 1362 2956 1432 est?

1075 1497 1332 1573 Refert
1411 1499 1542 1572 hoc
1616 1500 1778 1576 -loco
1868 1520 1952 1571 ea
2031 1501 2215 1594 ipsa,
2297 1520 2474 1589 quae
2564 1499 2653 1572 de
2734 1497 3075 1572 Pittaci
3174 1475 3557 1571 certamine

875 1621 1223 1726 sing'ulari
1276 1635 1542 1708 tradita
1593 1640 1766 1708 sunt
1819 1635 2063 1726 paullo
2118 1637 2512 1709 accuratius
2578 1632 2991 1709 examinari.
3126 1633 3558 1710 Commemo-

885 1779 1086 1846 ratur
1138 1795 1255 1846 res
1307 1795 1350 1846 a
1404 1773 1889 1865 compluribus
1928 1749 2211 1863 quidem
2260 1771 2755 1867 scriptoribuS,
2802 1792 3097 1861 quorum
3146 1777 3381 1844 tamen
3419 1792 3562 1844 om·

881 1913 1078 1984 nium
1133 1912 1543 1986 testimonia
1588 1913 1922 1984 ‘ineunte
1975 1913 2483 2005 imperatorum
2558 1915 2801 1983 aetate
2866 1909 3080 1982 altius
3147 1912 3375 2003 repeti
3424 1930 3565 1982 non

885 2045 1288 2140 possunt2).
1401 2047 1642 2139 Atque
1693 2050 1755 2120 si
1802 2049 1946 2122 iam
2003 2069 2114 2140 ea,
2174 2069 2353 2138 quae
2392 2048 2701 2121 seriores
2736 2046 3165 2138 retulerunt,
3202 2047 3571 2140 mittimuS,

1091 2285 1160 2366 1)
1213 2282 1458 2350 Confer
1499 2283 1583 2348 ad
1636 2285 1803 2349 haec
1831 2284 2245 2350 Herodoti
2278 2283 2356 2368 (Ι,
2392 2283 2503 2370 54)
2537 2286 2992 2352 narrationem
3026 2286 3113 2350 de
3144 2285 3556 2370 Delphorum

880 2371 1032 2448 illo,
1101 2389 1233 2455 quo
1281 2371 1533 2437 Croeso
1579 2375 1988 2455 προμαντείαν
2053 2371 2444 2436 detulerunt
2511 2371 2805 2436 decreto,
2903 2372 2947 2436 S
2975 2391 3009 2436 c
3036 2375 3077 2437 h
3104 2393 3146 2435 u
3173 2373 3213 2437 b
3241 2392 3278 2438 e
3302 2395 3334 2437 r
3360 2379 3382 2437 t
3405 2393 3445 2436 n
3474 2393 3505 2437 s
3534 2422 3555 2455 ‚

883 2458 1283 2609 geschichte
1329 2459 1449 2522 der
1483 2457 1798 2607 goenige
1828 2477 1895 2521 v.
1934 2457 2303 2541 Lyd.p.90.
2375 2458 3043 2540 G'utschmidius,
3096 2459 3364 2541 Goettg.
3418 2459 3554 2544 gel.

949 2565 1055 2608 nz.
1109 2544 1278 2607 1885
1374 2589 1390 2606 .
1439 2545 1480 2606 2
1527 2545 1592 2607 6.

1083 2627 1154 2715 s2)
1203 2566 1438 2694 Digd.
1491 2629 1586 2693 IX
1632 2629 1712 2692 fr.
1767 2629 1848 2693 18
1924 2629 2137 2694 Bekk.
2191 2631 2467 2696 Strab.
2540 2651 2605 2713 p.
2656 2631 2805 2694 600.
2904 2632 3119 2696 Fest.
3170 2653 3235 2716 p.
3285 2629 3415 2695 285
3460 2632 3551 2720 Μ.

884 2716 1157 2782 Schol.
1214 2718 1504 2781 Aesch.
1554 2715 1747 2779 Eum.
1796 2714 1943 2780 397.
1995 2717 2233 2798 Diog.
2278 2717 2347 2781 L.
2401 2718 2430 2781 I
2478 2719 2657 2800 574.
2708 2715 2942 2784 Suid.
2993 2737 3045 2782 s.
3102 2737 3163 2783 v.
3216 2718 3547 2796 Πιττακός.

884 2803 1104 2866 Plut.
1157 2803 1243 2866 de
1288 2803 1447 2868 Her.
1499 2802 1656 2866 mal.
1709 2803 1814 2866 15.
1863 2802 2261 2885 Polyaen.
2311 2795 2365 2886 I,
2416 2805 2522 2867 25.
2579 2803 2731 2868 lul.
2782 2805 3169 2870 African.
3222 2824 3277 2869 s.
3316 2804 3402 2870 ol.
3443 2807 3548 2868 36.

883 2887 1180 2955 Euseb.
1231 2894 1432 2955 trans.
1471 2886 1664 2954 Arm.
1705 2909 1754 2953 s.
1793 2887 1885 2953 ol.
1917 2889 2026 2975 ⁴3,
2062 2889 2129 2953 3.
2276 2889 2606 2974 Equidem
2658 2890 2937 2955 minime
2982 2892 3205 2957 facere
3250 2912 3553 2976 possum,

884 2980 956 3038 ut
999 2976 1332 3041 violentae
1378 2982 1441 3040 et
1489 2981 1834 3041 contortae
1879 2975 2156 3040 Klube
2218 2977 2241 3039 i
2287 2978 2859 3060 argumentationi
2906 2978 3269 3058 adsentiar,
3320 2980 3435 3062 qui
3482 2986 3557 3044 ut

885 3066 1093 3126 totum
1162 3064 1299 3127 sere
1359 3062 1639 3127 Diodori
1694 3062 1944 3127 librum
1990 3060 2113 3144 IX,
2183 3065 2278 3127 ita
2322 3066 2495 3130 adeo
2546 3067 2673 3130 hoc
2716 3066 3173 3147 fragmentum
3217 3064 3554 3149 Ephoro

883 3147 1027 3212 vult
1070 3149 1436 3213 vindicare.
1487 3148 1590 3211 En
1639 3149 1781 3212 eius
1827 3150 2036 3232 ipsius
2066 3153 2748 3232 argumentationem:
2804 3150 3087 3216 conlatis
3122 3150 3553 3219 Strabonis

882 3242 952 3298 et
997 3235 1354 3299 Diodori
1403 3236 1801 3299 testimoniis
1879 3236 2288 3316 (ceterorum
2340 3239 2737 3321 scriptorum
2786 3237 2974 3302 nulla.
3017 3238 3305 3303 habetur
3349 3240 3547 3322 ratio)

885 3320 1220 3385 Kltlberus
1265 3320 1307 3385 l.
1361 3322 1402 3386 l.
1457 3341 1522 3404 p.
1571 3322 1656 3383 26
1703 3340 1805 3405 sq.
1855 3322 2048 3406 inde,
2130 3322 2305 3405 quod
2358 3324 2597 3389 Strabo
2643 3324 3021 3407 Phrynonis
3066 3330 3285 3390 morte
3344 3324 3554 3391 relato

885 3408 986 3471 his
1027 3410 1434 3490 perrexerit:
1491 3410 1774 3489 μένοντος
1817 3405 1882 3470 δ’
1929 3406 2019 3471 ἔτι
2064 3414 2171 3471 τοῦ
2204 3414 2471 3492 πολέμου
2514 3412 2896 3493 Περίανδρος
2940 3412 3244 3491 διαιτητὴς
3282 3407 3558 3496 αἱρεθεὶς

879 3490 997 3557 ὕπὸ
1063 3492 1290 3577 ἀμφοῖν
1353 3492 1530 3557 ἔλυσε
1594 3496 1697 3556 τὸν
1762 3493 2062 3576 πόλεμον,
2137 3494 2413 3560 Diodori
2480 3515 2639 3560 vero
2708 3499 3107 3579 epitomator
3170 3499 3317 3579 egri
3380 3497 3554 3561 adsi-

880 3580 1264 3662 gnationem
1341 3579 1576 3644 Pittaci
1643 3581 1962 3645 victoriae
2027 3581 2473 3661 subiunxerit,
2544 3583 2913 3647 Diodorum
2990 3585 3249 3647 Pittaco
3304 3592 3369 3647 et
3395 3583 3553 3666 My-

883 3664 1191 3730 tilenaeis
1269 3664 1631 3731 indulsisse
1709 3667 2049 3732 concludit
2117 3666 2724 3752 Ephorumque
2799 3670 2886 3733 ab
2971 3687 3051 3734 eo
3146 3672 3551 3752 exscriptum

881 3769 1030 3817 esse
1101 3754 1340 3832 sumit,
1412 3754 1657 3836 quippe
1724 3754 1837 3836 qui
1889 3756 2035 3836 ipse
2104 3755 2355 3819 Aeolus
2425 3756 2663 3819 foverit
2730 3755 2995 3821 Aeolos.
3120 3757 3207 3819 At
3274 3758 3552 3822 minime

882 3849 968 3902 ex
1031 3855 1111 3901 eo
1181 3838 1358 3921 quod
1439 3841 1583 3919 agri
1663 3840 2045 3922 adsignatio
2121 3842 2296 3924 apud
2368 3841 2737 3905 Diodorum
2818 3862 2968 3906 cum
3038 3842 3278 3907 Pittaci
3345 3844 3611 3908 victo·-

883 3926 983 3989 ria
1049 3924 1363 4008 copulata
1434 3932 1560 4005 est,
1638 3926 1914 3991 Diodori
1970 3933 2315 3992 auctorem
2381 3928 2661 3992 Pittaco*
2710 3929 3131 4011 potissimum
3198 3928 3557 3994 indulsisse

886 4009 1426 4076 concludendum
1477 4015 1598 4077 est.
1679 4010 1836 4095 ‘Qui
1895 4032 2109 4078 nexus
2155 4034 2377 4079 rerum
2426 4017 2699 4079 omnino
2744 4016 2839 4078 ita
2885 4020 2986 4079 est
3030 4021 3551 4093 consentaneus,

883 4104 958 4161 ut
1000 4098 1584 4181 perversissimum
1631 4100 1714 4163 sit
1758 4101 1824 4163 in
1877 4119 1960 4164 ea
2004 4118 2080 4163 re
2126 4100 2336 4165 ullam
2370 4102 2727 4184 exquirere
2760 4102 3113 4165 rationem.
3209 4102 3278 4165 Si
3315 4101 3553 4166 Vale·

881 4185 1094 4248 rium
1147 4184 1594 4249 Maximum
1642 4186 1779 4265 (VI.
1813 4188 1852 4249 5
1891 4186 2049 4250 Ext.
2097 4188 2159 4269 1)
2207 4188 2612 4269 inspexisset
2658 4188 3016 4267 Kluberus‚
3071 4206 3228 4251 eum
3276 4188 3555 4271 perinde

882 4270 1016 4335 duo
1082 4269 1198 4333 illa
1266 4272 1443 4334 facta
1509 4272 1685 4335 inter
1731 4290 1804 4336 se
1852 4276 2281 4338 contexuisse
2338 4275 2715 4357 reperisset.
2837 4274 3113 4338 Diodori
3159 4273 3323 4337 illud
3375 4276 3556 4339 testi-

885 4358 1190 4422 monium
1260 4357 1441 4421 unde
1508 4357 1824 4422 haustum
1891 4360 1980 4423 sit
2036 4378 2157 4425 nos
2221 4362 2358 4424 iam
2407 4378 2537 4424 non
2589 4362 2803 4443 magis
2851 4377 3204 4443 possumus
3250 4360 3551 4441 definire,

881 4461 1084 4526 quam
1135 4444 1324 4507 Verri
1370 4442 1596 4509 Flacci
1642 4445 1746 4509 vel
1795 4444 2046 4509 Valerii
2093 4446 2179 4510 de
2224 4448 2351 4511 hac
2394 4466 2468 4511 re
2515 4448 2930 4511 narrationes
2975 4447 3059 4511 ad
3110 4450 3324 4511 certos
3366 4456 3561 4513 revoi

881 4549 1039 4594 care
1083 4536 1418 4595 auctores.
1513 4529 1613 4596 Ac
1659 4530 1840 4596 valet
1883 4532 2061 4597 idem
2110 4533 2196 4597 de
2240 4534 2626 4599 narratione
2688 4532 3283 4599 Straboniana.
3378 4534 3555 4597 Nam

883 4618 1006 4681 etsi
1053 4616 1456 4682 Strabonem
1523 4620 1592 4681 in
1662 4618 1944 4683 Troadis
2012 4619 2461 4703 descriptione
2529 4621 2841 4685 universe
2908 4618 3179 4702 quidem
3228 4620 3557 4684 Demetrii

879 4703 1127 4766 librum
1203 4703 1602 4785 compilasse
1659 4723 1858 4770 nemo
1915 4707 2028 4788 qui
2088 4723 2227 4770 rem
2277 4708 2658 4772 accuratius
2702 4706 3205 4791 perlustraverit
3252 4707 3549 4787 negabit,

881 4795 1105 4854 tamen
1175 4789 1442 4872 singula
1510 4794 1837 4874 spectanti
1905 4793 2234 4875 permulta
2298 4793 2408 4860 vel
2466 4796 2625 4877 ipsis
2673 4794 2774 4859 his
2816 4793 3120 4877 partibus
3168 4800 3551 4873 occurrunt.

882 4892 1058 4959 quae
1104 4876 1189 4940 ad
1221 4878 1640 4943 Demetrium
1687 4878 1872 4944 nullo
1919 4884 2118 4961 pacto
2160 4883 2422 4964 possint
2464 4882 2723 4945 referri.
2824 4878 3213 4960 Flagitabat
3232 4880 3381 4963 ipsa
3402 4878 3557 4944 libri

885 4962 1171 5043 indoles,
1248 4968 1319 5026 ut
1365 4964 1540 5027 haud
1593 4984 1810 5047 pauca
1866 4970 1980 5029 aut
2027 4966 2112 5029 de
2170 4985 2291 5032 suo
2360 4972 2479 5029 aut
2543 4986 2629 5031 ex
2712 4967 3145 5050 scriptoribus
3212 4966 3556 5030 Demetrio
