4057 5790
1552 619 1650 631 -
1759 529 2065 650 49--ζ

473 822 782 895 monium
853 821 1026 894 satis
1098 839 1318 912 grave
1388 818 1513 892 sed
1562 839 1605 890 a
1657 817 2181 893 recentioribus
2232 813 2443 910 plane
2497 818 2892 910 neglectum
2964 817 3145 913 illud

475 959 789 1055 quidem,
848 981 935 1032 ex
985 980 1124 1051 quo
1181 955 1554 1033 Salamina
1605 958 1910 1031 insulam
1970 955 2138 1029 olim
2189 957 2546 1030 artissimo
2597 955 3144 1033 necessitudinis

477 1098 758 1174 vinculo
811 1089 980 1173 cum*
1020 1095 1395 1187 Megaride
1450 1117 1786 1172 conexam
1837 1094 2057 1168 fuisse
2130 1094 2403 1186 liquido
2456 1103 2837 1190 comparet.
2942 1095 3149 1171 Plu»

478 1237 782 1332 tarchus
818 1236 906 1328 Q.
949 1234 1078 1309 Gr.
1117 1255 1175 1316 c.
1220 1234 1339 1306 17:
1417 1228 1509 1303 Τὸ
1577 1231 1866 1304 παλαιὸν
1919 1234 1966 1330 ἡ
2021 1225 2325 1330 Μεγαρὶς
2393 1225 2629 1331 ᾠκεῖτο
2676 1233 2845 1304 κατὰ
2890 1235 3145 1329 κώμας,

478 1364 594 1450 εἰξ
621 1374 820 1444 πέντε
874 1373 1048 1472 μέρη
1103 1374 1564 1471 νενεμημένων
1617 1381 1750 1442 τῶν
1816 1371 2127 1442 πολιτῶν·
2208 1369 2561 1443 ἐκαλοῦντο
2642 1371 2717 1444 δὲ
2770 1365 3145 1472 “Ηραεῒς,

477 1510 586 1581 καὶ
630 1507 1053 1608 Πειραεῖς,
1133 1510 1242 1581 καὶ
1295 1504 1761 1608 Μεγαρεῖς,
1843 1509 1952 1579 καὶ
2007 1503 2601 1609 Κυνοσουρεῖς,
2669 1512 2777 1583 καὶ
2828 1507 3147 1610 Τριπο-

481 1647 861 1720 δισκαῖοι.
963 1650 1322 1742 Quattuor
1367 1651 1673 1741 partium
1734 1650 2018 1722 nomina
2071 1650 2246 1724 satis
2292 1653 2573 1742 cognita
2614 1652 2687 1724 in
2744 1652 2898 1745 ipsa
2952 1672 3151 1744 repe·

345 1783 355 1806 ⁸
480 1787 766 1864 riuntur
816 1795 1014 1862 terra
1070 1787 1470 1881 Megaride,
1523 1788 1971 1861 desideratur
2019 1791 2271 1881 quinta
2312 1782 2775 1890 Κυνοσουρῶν,
2832 1811 3005 1882 quos
3062 1789 3151 1864 ad

481 1928 918 2020 notissimam
1001 1925 1477 2002 Salaminis
1556 1927 2051 2020 paeninsulam
2134 1927 2405 2002 referre
2488 1930 2726 2003 nullus
2809 1927 3080 2016 dubito.
3108 1925 3164 2028 ¹)-

485 2063 706 2140 Cuius
748 2065 1273 2140 distributionis
1306 2068 1505 2158 origo
1544 2087 1714 2140 sane
1751 2067 2036 2140 videtur
2060 2068 2396 2142 recedere
2424 2068 2497 2140 in
2529 2073 2859 2162 tempora
2892 2066 3163 2145 Thea-

489 2225 702 2297 gene
755 2206 1502 2300 tyranno·vetustiora
1557 2201 1912 2304 (servatur
1969 2208 2153 2280 enim
2194 2207 2269 2279 in
2297 2209 2649 2300 excerptis
2678 2183 3157 2298 Plutaroheis‚

490 2363 666 2434 quae
722 2345 1084 2417 fluxerunt
1129 2365 1216 2416 ex
1263 2343 1457 2418 fonte
1499 2345 2143 2440 praenobilissimo,
2198 2351 2597 2438 temporum
2654 2346 2853 2439 ordo,
2885 2343 2973 2422 cf.
3000 2345 3173 2420 init.-

488 2501 546 2556 c.
573 2484 673 2554 16
727 2484 1003 2582 et.18).
1114 2481 1524 2556 Verisimile
1600 2489 1734 2577 est,
1801 2481 2209 2558 Salaminiis
2268 2485 2657 2575 antiquitus
2712 2503 2867 2558 cum
2917 2479 3161 2574 Mega·

491 2620 821 2695 rensibus
871 2622 1166 2694 eandem
1245 2623 1698 2695 rationem
1753 2627 1964 2714 atque
2018 2629 2307 2712 postero
2354 2629 2671 2715 tempore
2728 2639 2879 2696 cum
2937 2620 3177 2695 Athe-

491 2759 857 2832 niensibus
919 2761 1448 2834 intercessisse:
1541 2767 2041 2836 commemorat
2092 2760 2622 2855 Megarensium
2690 2761 3161 2836 cleruchos

494 2893 919 2971 Salaminios
972 2897 1468 2981 Pausanias
1524 2888 1608 3003 (Ι.
1663 2900 1791 2993 40,
1833 2898 1932 2997 5).
2832 2904 2837 2907 ’

697 3035 1249 3127 Insequentibus
1300 3036 1741 3129 temporibus
1793 3039 2050 3112 acriter
2086 3040 2279 3113 inter
2308 3020 2790 3111 Athenienses
2819 3042 2895 3110 et
2919 3034 3163 3127 Mega·

699 3346 766 3427 1)
808 3342 1306 3427 Κυνόσουραν
1337 3360 1499 3409 sane
1529 3344 1738 3409 solam
1763 3344 2233 3428 paeninsulam
2257 3342 2441 3407 illam
2470 3348 2779 3409 vocatam
2804 3362 2953 3409 esse
2976 3362 3161 3409 acce·

497 3432 742 3514 pimus.
855 3430 984 3494 Sed
1053 3434 1302 3514 optime
1369 3432 1514 3495 fieri
1581 3437 1822 3515 potest,
1893 3438 1968 3497 ut
2033 3434 2257 3515 ipsum
2326 3432 2452 3496 hoc
2498 3448 2741 3495 nomen
2794 3433 3159 3513 antiquitus

498 3520 700 3581 etiam
745 3516 940 3581 latius
983 3520 1291 3600 patuerit.
1387 3518 1684 3584 Vocatur
1741 3520 1922 3582 enim
1970 3520 2078 3583 vel
2126 3519 2325 3584 hodie
2372 3521 2511 3584 tota
2556 3516 2780 3581 insula
2822 3518 3157 3601 Koluri,

497 3604 562 3667 id
611 3603 790 3687 quod
837 3604 999 3667 nihil
1061 3603 1245 3668 aliud
1313 3610 1436 3687 est,
1509 3623 1710 3687 quam
1782 3606 1985 3671 Κολου
1987 3609 2079 3690 ρίς
2146 3609 2283 3685 (2:—
2305 3604 2523 3669 cauda
2568 3608 2756 3668 curia
2802 3607 3159 3688 praedita),

545 3708 632 3755 uo
676 3691 952 3756 nomine
995 3686 1502 3756 Timocreon
1562 3691 1739 3775 apud
1784 3691 1956 3756 Plut.
1987 3629 2251 3755 &Them
2303 3693 2383 3755 21
2434 3689 2733 3773 adpellat
2777 3691 3159 3775 vulpem.

497 3709 694 3860 Quod
742 3796 987 3841 nomen
1035 3779 1352 3842 nimirum
1402 3779 1489 3843 ab
1537 3778 1773 3843 eadem
1836 3777 1956 3842 illa
2006 3778 2405 3862 paeninsula
2464 3778 2735 3842 ductum
2798 3784 2919 3854 est,
2988 3796 3167 3862 quae

503 3870 764 3947 postero
813 3870 1114 3948 tempoie
1158 3866 1420 3929 audivit
1459 3864 1839 3951 Κονὸσουρα.
1927 3866 2167 3949 Itaque
2196 3866 2443 3930 tribum
2468 3863 2651 3929 illam
2688 3865 2847 3929 hinc
2872 3866 3169 3949 potuisse

501 3968 745 4015 nomeu
795 3952 1064 4015 trahere
1105 3951 1648 4034 probabilitatem
1693 3952 1808 4015 vix
1851 3952 2119 4017 videtur
2160 3953 2513 4019 excedere.
2600 3944 2917 4017 ¹·Oceu1rit
2938 3957 3165 4016 autem

500 4037 796 4102 eiusdem
846 4038 1137 4102 nominis
1188 4040 1396 4103 tribus
1431 4039 1634 4103 etiam
1669 4040 1736 4101 in
1770 4038 2300 4106 Lacedaemone.
2393 4039 2536 4104 Nec
2566 4056 2701 4104 non
2734 4040 2947 4122 ipsam
2980 4038 3165 4107 Sala-

500 4126 684 4188 mina
729 4124 1018 4189 insulam
1073 4126 1435 4208 antiquitus
1501 4127 1798 4191 caruisse
1856 4128 2243 4191 nominibus
2288 4126 2766 4191 Pausanias
2813 4126 2895 4205 (Ι.
2934 4125 3042 4203 35,
3096 4124 3169 4202 1)

501 4218 566 4274 et
609 4212 742 4277 Str
758 4212 915 4275 abo
959 4208 1050 4295 (p.
1082 4208 1236 4295 393)
1284 4216 1620 4295 expressis
1667 4212 1891 4277 verbis
1939 4214 2405 4294 testificantur,
2473 4213 2542 4278 id
2610 4212 2787 4296 quod
2851 4174 3163 4295 equidem

502 4316 632 4362 non
679 4300 907 4380 magni
952 4299 1222 4363 fecerim
1271 4302 1616 4382 momenti,
1655 4318 1808 4364 cum
1841 4298 1994 4363 talia
2027 4301 2424 4403 scriptorum
2462 4299 2849 4364 testimonia
2880 4299 3165 4381 plerum-

501 4401 630 4465 que
695 4386 781 4449 ad
851 4384 1120 4449 diversa
1165 4390 1514 4469 poetarum
1585 4387 1885 4468 epitheta
1930 4388 2316 4451 revocanda
2359 4386 2515 4453 sint.
2610 4383 2882 4451 Oraculi
2933 4404 3167 4453 versus

499 4489 666 4553 quos
713 4470 992 4537 exbibet
1035 4472 1415 4539 Herodotus
1463 4470 1658 4539 VIII.
1695 4473 1817 4537 77;

1027 4556 1199 4623 ΗΑλλ
1245 4584 1390 4623 οταν
1426 4558 1790 4667 Ἀρτέμιδος
1828 4553 2165 4669 χρυσαόρου
2182 4558 2369 4668 ιερόν
2410 4556 2591 4641 ἆκτῆν

1031 4650 1200 4726 νηυσὶ
1235 4642 1630 4733 γεφυρώσωσι
1673 4652 1777 4711 καὶ
1815 4647 2161 4727 εἰναλίην
2202 4646 2590 4747 Κυνόσουραν

500 4734 573 4795 ut
616 4694 834 4796 solent
879 4731 962 4795 ad
1009 4732 1484 4815 paeninsulam
1525 4735 1621 4797 ita
1665 4735 1920 4817 optime
1959 4736 2165 4799 etiam
2212 4737 2296 4800 ad
2331 4739 2534 4797 totam
2566 4730 2857 4798 insulam
2890 4738 3172 4816 possunt

499 4818 756 4883 referri.
792 4854 876 4865 —
914 4818 1092 4883 Num
1137 4822 1314 4883 inter
1357 4838 1594 4885 recens
1634 4819 1899 4885 insulae
1942 4839 2191 4887 nomen
2238 4820 2473 4885 Koluri
2519 4816 2603 4883 et'
2633 4834 2867 4885 vocem
2910 4817 3169 4905 κολλόρα

499 4904 639 4969 ulla
681 4924 1002 4988 umquam
1048 4906 1498 4972 intercesserit
1542 4909 1712 4973 ratio
1759 4906 1960 4973 valde
2005 4908 2261 4991 dubito,
2312 4926 2463 4972 cum
2513 4907 2709 4971 huius
2754 4908 3169 4991 cognationis

502 4992 740 5056 iustam
789 5011 1060 5058 cansam
1109 4993 1414 5059 invenire
1460 5012 1592 5060 non
1641 4997 1916 5078 possim.

2688 5116 2724 5167 8
