4057 5790
1983 595 2083 608 ....
2192 555 2493 622 36‘...

890 793 1598 882 Callimacheum
1653 794 2000 868 revocari.
2109 791 2337 868 Velut
2390 793 2987 868 Gruudnerus
3036 794 3337 868 maxima
3387 791 3573 866 Her·

901 934 1124 1028 mippi
1177 933 1510 1007 vitiorum
1555 933 1759 1026 copia
1801 931 2103 1006 verbose
2157 936 2491 1006 enarrata
2544 953 2685 1004 non
2738 933 2877 1006 nisi
2930 938 3226 1026 propter
3258 929 3575 1006 foedissi-

893 1093 1080 1145 mam
1132 1071 1346 1148 huius
1399 1071 1704 1144 hominis
1752 1070 1966 1144 fidem
2019 1071 2430 1144 historicam
2482 1071 2709 1162 ipsam
2764 1071 2944 1146 hanc
2976 1071 3065 1144 de
3105 1064 3369 1150 Solone
3417 1089 3573 1142 nar·

892 1202 1363 1285 ratiun‘culam
1414 1209 1835 1302 simpliciter
1873 1209 2315 1284 abiciendam
2352 1230 2511 1284 esse
2548 1209 2933 1284 contendit.
3005 1207 3327 1282 Eandem
3362 1208 3573 1282 ratio·

890 1368 1055 1420 nem
1112 1345 1228 1420 vel
1306 1346 1514 1420 multi
1586 1347 1711 1421 alii
1791 1354 2059 1421 temere
2132 1348 2359 1423 secuti
2416 1353 2625 1441 sunt,
2674 1347 2949 1422 Prinzii
3003 1353 3079 1421 et
3130 1345 3575 1439 Begemanni

893 1486 1602 1560 commentationibus
1657 1487 1794 1560 nisi
1847 1486 1956 1559 illi
2010 1486 2318 1577 quidem.

1094 1622 1360 1698 Procul
1411 1625 1626 1700 dubio
1681 1623 1806 1698 He
1827 1624 2043 1715 rmip
2060 1626 2141 1715 pi
2212 1623 2399 1697 liber
2450 1621 2603 1720 περὶ
2657 1629 2789 1693 τῶν
2842 1620 3012 1694 ἑπτὰ
3064 1629 3291 1720 σοφῶν
3346 1630 3425 1697 ut
3480 1624 3570 1697 ab

890 1762 1053 1837 aliis
1115 1761 1586 1855 scriptoribus
1657 1757 1898 1858 (Diog.
1953 1761 2043 1834 L.
2099 1766 2174 1834 et
2226 1761 2443 1834 Diod.
2504 1758 2637 1859 IX)
2704 1762 2779 1834 in
2831 1761 3249 1836 enarrandis
3302 1768 3571 1857 septem

853 1901 1324 1996 sapientium
1399 1900 1651 1993 rebus,
1730 1901 1834 1974 ita
1898 1922 1941 1973 a
1991 1898 2498 1974 Plutarcho
2562 1899 2637 1970 in
2682 1899 3192 1974 conscribenda
3246 1901 3375 1974 hac
3426 1901 3571 1974 vita

891 2059 1240 2133 persaepe
1297 2038 1715 2131 compilatus
1769 2043 1900 2112 est.
2012 2037 2353 2112 Attamen
2410 2039 2895 2129 unusquisque
2924 2037 3134 2111 huius
3164 2039 3351 2112 vitae
3372 2037 3570 2113 locus

895 2199 1028 2272 per
1077 2198 1154 2250 se
1202 2182 1276 2251 et
1323 2177 1728 2270 pensandus
1779 2185 1852 2251 et
1904 2178 2395 2251 diiudicandus
2453 2184 2585 2251 est.
2696 2175 3074 2268 Expressit
3121 2197 3372 2269 nempe
3407 2175 3572 2250 Plu-

887 2317 1175 2390 tarchus
1229 2316 1304 2389 in
1357 2314 1494 2390 hoc
1551 2337 1766 2408 opere
1824 2336 1978 2389 cum
2036 2315 2409 2409 plurimoS,
2462 2322 2609 2390 tum
2649 2315 3165 2391 diversissimos
3220 2321 3571 2408 auctoreS,

885 2473 1064 2544 quos
1118 2452 1326 2527 valde
1383 2452 1656 2564 dubito,
1710 2477 1876 2527 num
1925 2475 2171 2528 omnes
2226 2476 2356 2547 per
2382 2454 2611 2528 solum
2647 2453 3119 2548 Hermippum
3157 2455 3569 2550 inspexerit.

915 2657 922 2662 .
1087 2589 1148 2665 P
1169 2593 1307 2665 rin
1323 2615 1361 2663 z
1377 2592 1531 2684 iuS,
1557 2592 1678 2683 qui
1708 2592 1782 2666 in
1802 2593 2214 2666 universum
2243 2592 2328 2665 de
2349 2590 2633 2667 Solonis
2653 2591 3070 2669 Plutarchei
3097 2591 3415 2666 fontibus
3436 2593 3569 2701 dis.-

880 2729 1183 2824 putavit,
1199 2728 1566 2802 Plutarchi
1583 2729 1820 2822 capita
1848 2727 2198 2803 VIII—X
2229 2751 2319 2802 ne
2354 2731 2689 2806 extremis
2715 2731 2999 2822 quidem
3027 2729 3267 2822 attigit
3300 2729 3566 2821 digitis,

879 2867 998 2943 Be
1015 2887 1194 2959 gem
1215 2889 1314 2941 an
1339 2889 1496 2942 nus
1548 2889 1741 2956 vero,
1803 2873 1884 2943 ut
1939 2869 2097 2961 ipsa
2148 2869 2326 2945 hacc
2381 2870 2611 2963 capita
2660 2891 2746 2944 ex
2782 2869 3186 2963 Hermippo
3241 2889 3573 2944 manasse.

878 3008 1430 3101 demonstraret,
1487 3028 1665 3099 quae
1721 3006 2160 3082 refutatione
2216 3010 2332 3081 vix
2386 3009 2600 3100 digna
2646 3016 2815 3083 sunt
2862 3008 3187 3105 protulit.
3208 3002 3260 3107 ¹)
3387 3074 3391 3079 ,
3510 3072 3516 3077 ,
3560 2975 3614 3075 s

987 3138 990 3147 '
1083 3144 1433 3236 Equidem
1488 3146 1662 3219 satis
1717 3147 2017 3243 penitus
2074 3146 2255 3221 hanc
2318 3149 2804 3239 quaestionem
2870 3152 3401 3242 perscrutatus»,
3484 3168 3571 3221 cx

1081 3404 1156 3486 1)
1242 3387 1881 3485 Beg'emannus,
1933 3398 2204 3483 Quaest.
2252 3400 2387 3469 Sol.
2436 3403 2467 3468 1
2510 3422 2581 3487 p.
2632 3402 2717 3466 10
2762 3422 2865 3487 sq.
2918 3405 3323 3469 sententiam
3372 3422 3567 3469 suam

884 3490 1149 3557 duobus
1209 3488 1401 3555 fulcit
1452 3488 1890 3570 argumentis.
1983 3488 2283 3553 Primum
2340 3489 2537 3571 inde,
2593 3490 2772 3573 quod
2840 3488 3244 3556 Plutarchus
3309 3490 3571 3573 elegiae

885 3578 1220 3645 Soloneae
1251 3580 1507 3641 certum
1545 3593 1864 3641 versuum
1899 3594 2253 3643 numerum
2285 3576 2731 3659 perhibuerit,
2780 3576 3325 3663 Hermippum
3370 3577 3455 3642 ab
3488 3595 3569 3641 eo

885 3666 1296 3749 exscriptum
1341 3679 1491 3727 esse
1538 3659 1903 3727 concludit.
1995 3661 2172 3726 Nam
2217 3662 2406 3745 haec,
2478 3664 2653 3727 sicut
2698 3665 2929 3731 omnia
2973 3664 3324 3746 eiusmodi,
3396 3682 3571 3749 quae

885 3750 1060 3837 apud
1113 3750 1584 3832 Diogenem
1635 3750 2089 3831 inveniantur,
2159 3748 2244 3813 ab
2290 3749 2657 3834 Hermippo
2703 3769 2741 3815 e
2788 3746 3333 3816 Callimacho
3378 3769 3566 3835 repe·

885 3840 1008 3903 tite
1053 3855 1224 3903 esse.
1315 3834 1451 3900 Sed
1499 3842 1572 3900 ut
1619 3853 1856 3901 omnes
1902 3854 2120 3918 paene
2163 3836 2325 3901 istos
2370 3853 2714 3920 numeros,
2762 3854 2934 3920 quos
2956 3836 3295 3921 Diogenes
3318 3840 3385 3901 in
3420 3856 3565 3921 sep-

885 3930 1022 3989 tem
1089 3924 1499 4008 sapientium
1569 3923 1723 3987 vitis
1791 3922 2009 4005 affert,
2085 3928 2354 4005 postero
2423 3922 2697 3989 demum
2766 3929 3069 4006 tempore
3134 3944 3175 3988 a
3222 3923 3567 3988 Lobone

886 4012 1204 4095 Argivo
1251 4009 1654 4093 compositos
1696 4026 1848 4075 esse
1894 4012 2157 4073 constat
2202 4006 2643 4091 (Hillerus,
2688 4008 3261 4090 M.Rh.xxx111,
3290 4030 3354 4093 p.
3376 4010 3557 4091 525),

887 4100 983 4163 ita
1028 4096 1228 4162 valde
1274 4095 1532 4178 dubito,
1581 4114 1808 4161 numa
1862 4095 1946 4159 ud
1967 4094 2411 4160 Plutarchum
2445 4095 2640 4161 huius
2664 4098 2927 4162 numeri
2960 4097 3192 4161 notitia
3240 4096 3327 4164 ad
3356 4094 3562 4164 Galli-

886 4184 1204 4250 machum
1232 4182 1338 4247 vel
1365 4183 1802 4266 Hermippum
1853 4183 2026 4247 iceat
2055 4184 2381 4247 revocari.
2433 4181 2535 4247 Ac
2562 4181 2735 4247 valet
2750 4182 2931 4247 idem
2969 4182 3055 4247 de
3081 4185 3565 4267 epigrammate

884 4269 1004 4336 illo
1035 4271 1194 4337 Lae
1215 4271 1489 4335 rtiano
1521 4267 1590 4347 (I
1619 4270 1662 4351 9
1685 4270 1826 4352 62),
1861 4268 2040 4353 quod
2076 4286 2212 4334 non
2243 4270 2418 4333 inter
2460 4270 2843 4336 testimonia
2887 4269 3119 4333 debuit
3147 4270 3394 4335 referre
3426 4270 3559 4333 Bu-

885 4357 1194 4424 soltius
1244 4356 1358 4420 Gr.
1397 4354 1480 4419 G.
1529 4354 1568 4421 I
1607 4376 1668 4439 p.
1721 4356 1868 4420 520.
1902 4354 2237 4419 -Altero
2283 4373 2469 4437 vero,
2517 4356 2693 4440 quod
2746 4356 3215 4437 Begemannus
3260 4356 3559 4440 protulit,

885 4447 1286 4528 argumento
1308 4442 1688 4526 perversius
1712 4445 1825 4506 vix
1850 4445 2065 4526 potest
2092 4444 2369 4525 cogitari
2396 4442 2785 4525 quidquam.
2845 4442 2906 4507 N
2926 4442 3142 4507 omin
3164 4461 3204 4508 a
3234 4443 3410 4508 enim
3444 4443 3562 4508 illa

886 4532 1296 4597 arbitrorum
1342 4528 2063 4610 Lacedaemoniorum,
2112 4546 2287 4610 quae
2331 4526 2732 4595 Plutarchus
2778 4534 2957 4594 certe
2986 4546 3073 4593 ex
3103 4530 3355 4615 optimo
3378 4530 3562 4594 fonte

887 4618 1142 4769 ffiffi’
1181 4616 1486 4767 5555&
1493 4635 1680 4768 ”1¹1¹ssss
1696 4614 2663 4767 132¹ffi⁰1³005¹3¹31⁶02311123⁶ss
2695 4634 2952 4767 3235?
2960 4617 3359 4785 ῗέὶὲἱέῗῗ
3380 4618 3559 4767 ⁶0⁰3}ss

887 4792 1064 4856 hanc
1107 4724 1450 4855 ffiutarchi
1500 4723 1954 4853 narratiog'etn'm
2001 4787 2086 4851 ad
2134 4806 2289 4852 eum
2342 4791 2595 4854 reicere
2641 4809 2773 4855 non
2824 4789 3103 4854 dubitat.
3198 4751 3325 4854 Ot'ii
3364 4723 3559 4873 Ergu-

887 4878 1310 4959 mentationi,
1381 4875 1561 4959 quod
1616 4877 1780 4957 scio,
1851 4893 2023 4939 unus
2085 4870 2525 4959 adstipulatus
2587 4881 2685 4940 est
2740 4874 3072 4961 Ionas,
3147 4876 3249 4940 De
3309 4876 3555 4943 Solone

893 4964 1305 5029 Atheniensi.
1357 4962 1645 5028 Monast.
1683 4960 1848 5027 1884
1881 4960 2074 5044 p.23.
