4057 5790
1593 641 1686 653 ,ψ
1805 598 1904 672 83
1969 645 2117 710 ι--

495 823 786 910 praeter
824 818 1014 893 hunc
1057 841 1260 892 nemo
1303 821 1634 911 antiquus
1665 803 1982 912 ,scriptor
2035 821 2235 894 illam
2286 843 2435 894 rem
2494 823 3165 895 commemoraverit.

493 955 917 1031 Herodotus
969 979 1162 1052 vero,
1218 965 1297 1031 ut
1340 959 1522 1033 hanc
1574 959 2114 1034 Atheniensium
2169 962 2694 1052 possessionem
2744 959 3015 1032 firmam
3055 959 3168 1032 vel

494 1096 790 1169 solidam
859 1093 1078 1170 fuisse
1159 1099 1630 1191 contenderit,
1704 1104 1978 1171 tantum
2062 1099 2289 1192 abest,
2363 1105 2443 1171 ut
2494 1099 2583 1170 de
2636 1080 3166 1190 Hegesistrato,

453 1234 602 1308 .cui
629 1232 1054 1308 Pisistratus
1093 1237 1427 1328 oppidum
1472 1238 1652 1310 illud
1704 1237 2121 1331 tradiderat,
2172 1239 2329 1329 ipsa
2380 1237 2552 1310 haec
2606 1235 2855 1310 fecerit
2908 1211 3162 1310 verba:

494 1367 564 1444 ὃς
613 1368 728 1440 οὐκ
782 1370 1084 1468 ἀμαχητὶ
1145 1372 1285 1467 εἶχε
1335 1371 1418 1442 τὰ
1467 1371 1819 1475 παρέλαβε
1870 1373 2060 1472 παρὰ
2108 1371 2597 1472 Πεισιστράτου.
2932 1341 2939 1348 “

695 1507 844 1583 Iam
873 1532 1040 1584 vero
1068 1513 1261 1602 quod
1291 1473 1620 1587 Sc⁸hoen
1645 1515 1783 1588 ius
1821 1520 2196 1607 praeterea
2245 1537 2332 1587 ex
2366 1515 2682 1608 ipsorum
2722 1510 2975 1586 Alcaei
3016 1533 3166 1584 ver-

494 1669 696 1720 suum
747 1647 988 1721 indole
1046 1651 1159 1721 vel
1208 1671 1294 1722 ex
1347 1671 1455 1744 eo,
1511 1652 1698 1741 quod
1737 1649 2221 1725 Athenienses
2262 1650 2517 1725 Alcaei
2566 1658 2835 1725 scutum
2875 1651 3163 1742 dignum

494 1782 903 1878 habuerint,
987 1789 1174 1878 quod
1247 1791 1322 1862 in
1400 1789 1567 1863 fano
1617 1812 1746 1862 suo
1801 1790 2347 1883 suspenderent,
2398 1787 2741 1862 Alcaeum
2798 1790 3027 1881 ipsum
3084 1811 3169 1862 eo

495 1939 818 2015 tempore
867 1926 1008 1999 iam
1064 1927 1450 2001 celebritas
1505 1929 1833 2002 floruisse
1891 1929 2171 2022 conicit,
2223 1928 2396 2000 hacc
2446 1929 2583 2000 iam
2622 1927 2941 2000 futiliora
2981 1931 3171 2018 sunt,

492 2082 698 2152 quam
775 2071 855 2138 ut
933 2065 1098 2137 inde
1169 2065 1527 2139 redundet
1615 2063 2097 2164 quidquam.¹)
2226 2065 2533 2138 Ponitur
2614 2072 2849 2138 autem
2922 2062 3169 2136 Alcaei

491 2201 621 2275 illa
675 2202 848 2293 fuga
901 2175 1052 2276 cum
1109 2226 1150 2275 a
1205 2203 1561 2278 Strabone
1617 2211 1762 2279 tum
1821 2205 1910 2307 ab
1965 2205 2360 2291 Herodoto,
2414 2211 2700 2300 praeter
2749 2225 2925 2295 quos
2962 2223 3169 2276 nemo

492 2341 598 2413 rei
658 2342 1084 2414 mentionem
1158 2340 1344 2436 fecit,
1418 2352 1581 2418 ante
1635 2320 2602 2416 Periandri'arbitrium.
2714 2342 2921 2434 Quod
2976 2341 3169 2413 haud

491 2480 692 2572 parvi
747 2483 1084 2554 momenti
1132 2481 1552 2576 ducendum,
1628 2483 1958 2572 quoniam
2011 2480 2433 2572 Periander,
2508 2479 2788 2570 quando
2845 2486 3164 2552 mortuus

487 2618 604 2709 sit,
655 2625 850 2692 certo
906 2627 1223 2694 constat:
1283 2621 1376 2694 ol.
1433 2625 1550 2706 48,
1615 2616 2040 2694 Διτ---ὃὸᾱ2
2077 2595 2094 2617 ”
2184 2617 2484 2710 Cogitur
2538 2620 2701 2691 hinc
2737 2619 3165 2709 necessario,
3220 2649 3231 2669 τ
3342 2686 3349 2694 .

487 2752 740 2828 Alcaei
788 2757 985 2830 illum
1044 2780 1282 2834 casum
1335 2761 1472 2832 iam
1531 2760 1752 2832 multo
1809 2766 1974 2832 ante
2011 2759 2087 2849 ip
2128 2758 2239 2829 ius
2268 2756 2658 2849 Pisistrati,
2710 2757 2969 2830 nedum
3008 2757 3162 2829 eius

484 2892 614 2967 filii
669 2902 974 2970 aetatem
1031 2900 1393 2973 accidisse.

631 3010 634 3013 ’
692 3032 899 3126 Quae
955 3057 1070 3109 res
1129 3035 1554 3111 Schoenium
1611 3036 1892 3127 quidem
1947 3058 2085 3109 non
2127 3037 2499 3109 admodum
2541 3035 2840 3122 vexavit,
2900 3037 3159 3127 quippe

483 3172 787 3261 quicum
813 3172 1261 3247 Herodotum
1295 3174 1731 3265 temporibus
1771 3174 2022 3245 mirum
2066 3179 2405 3264 quantum
2445 3176 2793 3247 erravisse
2834 3168 2932 3269 (p.
2956 3170 3161 3271 750),

484 3314 630 3393 tum
681 3310 1026 3385 disertum
1082 3311 1562 3387 Strabonis
1617 3315 1704 3386 de
1761 3311 2036 3387 Alcaeo
2080 3316 2561 3395 testimonium
2615 3335 2659 3387 a
2708 3314 3161 3405 grammatico

484 3451 786 3540 quodam
869 3453 982 3525 vel
1057 3453 1570 3545 interpolatore
1620 3454 1967 3527 insertum
2025 3474 2183 3525 esse
2233 3458 2614 3527 statueret.
2719 3452 3157 3543 Quamquam

480 3590 670 3681 apud
701 3588 766 3663 D
790 3613 832 3663 u
856 3613 899 3663 n
921 3592 1077 3667 cke
1100 3615 1198 3664 ru
1221 3615 1286 3664 m
1343 3590 1432 3665 G.
1459 3592 1522 3664 d.
1549 3595 1636 3664 A.
1659 3589 1810 3665 VI5
1835 3614 1904 3684 p.
1925 3592 2071 3665 275
2102 3592 2442 3684 scriptum
2474 3592 2713 3665 video:
2772 3590 2988 3684 ,Dass
3041 3592 3157 3664 die
3290 3602 3295 3607 “

481 3726 918 3802 betroffende
949 3727 1176 3803 Stelle
1230 3730 1349 3803 bei
1378 3728 1690 3804 Strabon
1737 3753 1805 3822 p.
1831 3732 1980 3803 600
2035 3730 2555 3823 eingeschoben
2616 3731 2760 3821 und
2797 3731 2993 3807 nicht
3031 3751 3157 3802 vor

483 3865 620 3939 den
695 3866 1142 3961 Zweikampf
1213 3869 1337 3942 des
1417 3870 1737 3944 Pittacus
1819 3892 1907 3941 zu
1987 3876 2230 3943 setzen
2296 3870 2427 3961 ist,
2502 3869 2628 3941 hat
2684 3867 2775 3940 A.
2836 3866 3153 3942 Schoene

487 4002 765 4096 (Symb.
805 4005 1052 4101 philol.
1092 4005 1325 4079 Bonn.
1365 4031 1432 4101 p.
1465 4005 1650 4099 748)
1704 4005 2444 4097 nachgewiesen.‘·
2552 4004 2656 4078 At
2702 4008 2855 4078 viro
2910 4005 3155 4078 doctis·

484 4144 657 4217 simo
711 4146 1044 4218 assentiri
1095 4166 1394 4236 nequeo.
1503 4145 1714 4236 Quod
1766 4164 1905 4235 quo
1961 4146 2119 4218 iure
2174 4144 2633 4219 affirmaverit
2704 4143 3156 4236 DunckeruS,

689 4386 762 4459 1)
807 4384 1131 4449 Inferiore
1164 4384 1297 4449 duo
1345 4381 2211 4466 argumentasschoenii,
2262 4384 2374 4465 qui
2422 4380 2690 4466 (p.751)
2737 4402 2823 4446 ex
2868 4382 3151 4463 ratione,

485 4488 656 4552 quae
700 4472 873 4534 inter
902 4471 1230 4535 Pittacum
1280 4480 1348 4535 et
1382 4471 1700 4535 Alcaeum
1752 4472 2239 4535 intercessisset
2266 4474 2454 4539 „etex
2500 4487 2603 4550 00,
2653 4468 2831 4553 quod
2870 4468 3157 4533 Alcaeus

481 4575 638 4638 non,
695 4560 865 4621 sieut
911 4560 1054 4623 eius
1121 4560 1362 4621 fratres
1410 4555 1586 4621 Oicis
1630 4560 1699 4622 et
1742 4556 2229 4637 AntimenideS,
2304 4555 2672 4619 Melanchri
2720 4554 2912 4619 caedi
2958 4558 3156 4618 inter·

483 4643 714 4707 suisset
757 4646 984 4727 (Diog.
1011 4645 1085 4707 1..
1133 4645 1158 4708 1
1201 4647 1241 4727 ξ
1285 4643 1416 4728 74),
1471 4642 1793 4709 Alcaeum
1838 4644 2090 4710 Pittaco
2138 4661 2268 4706 non
2320 4641 2545 4724 paullo
2592 4643 2921 4723 iuniorem
2947 4641 3158 4706 fuisse

486 4729 832 4809 conclusit,
888 4751 1039 4794 cum
1089 4732 1224 4794 iam
1271 4730 1660 4795 Rohdius
1704 4730 1744 4795 l.
1778 4728 1824 4793 l.
1863 4750 1927 4813 p.
1977 4731 2108 4794 216
2138 4728 2664 4807 labefactaverit,
2708 4730 2913 4793 missa
2952 4728 3150 4792 facio.

686 4819 760 4892 2)
810 4818 1007 4898 Diog.
1039 4817 1116 4880 L.
1143 4817 1372 4898 I§95:
1411 4818 1912 4899 Σωσικράτης
1936 4818 2010 4880 δέ
2028 4837 2176 4900 φησι
2198 4819 2497 4901 πρότερον
2518 4816 3155 4899 Κροίσουτελευτῆσαι

481 4898 660 4964 extrav
697 4902 860 4966 ἔτεσι
903 4910 1365 4991 τετταράκοντα,
1409 4910 1512 4966 καὶ
1555 4900 1643 4966 ἑνὶ
1679 4906 1800 4987 πρὸ
1825 4908 1928 4982 τῆς
1952 4913 2447 4990 τεσσαρακοστῆς
2474 4900 2678 4982 ἐνάτης
2712 4900 3154 4983 Ὀλυμπιάδος.

488 4988 748 5072 Diels,
799 4990 888 5054 M.
944 4992 1068 5055 [ἰὴ.
1121 4991 1348 5055 XXXI
1395 5010 1459 5070 p.
1511 4990 1618 5053 20.
