4057 5790
1558 575 2119 645 -137—

528 816 884 912 dippidem
908 811 987 908 ¹),
1027 837 1180 892 cum
1223 817 1291 889 9.
1336 815 1881 907 Metagitnionis
1935 814 2049 887 die
2086 811 2464 911 δευτεραῖος
2502 812 2832 910 Spartam
2871 817 3203 904 venisset,

529 951 596 1026 ¹7.
660 953 774 1028 die
830 953 1204 1046 reliquisse
1260 954 1608 1040 AthenaS‚
1666 955 1789 1026 11.
1830 960 2069 1028 antem
2112 955 2393 1027 domum
2457 955 2839 1028 revertisse
2890 956 3207 1050 adparet.

527 1087 674 1167 Iam
735 1115 908 1168 vero
965 1113 1118 1169 cum
1173 1091 1598 1166 Herodotus·
1649 1086 1768 1183 Vl,
1821 1092 1966 1164 102
2004 1110 2332 1184 paucos
2389 1065 2578 1164 dies
2631 1093 2821 1166 inter
2880 1089 3206 1165 Eretriae

529 1232 1120 1326 expugnationem
1173 1230 1542 1321 ipsamque
1596 1227 1976 1300 Persarum
2035 1230 2107 1300 in
2166 1237 2429 1301 terram
2490 1231 2799 1305 Atticam
2856 1231 3205 1304 escensio-

525 1327 682 1442 nem
745 1368 1272 1466 praeterlapsos
1328 1389 1485 1440 esse
1540 1365 1812 1438 referat
1835 1362 1926 1458 ²),
1993 1367 2447 1441 intervallum
2503 1370 2695 1441 inter
2748 1369 2813 1440 7.
2870 1367 3205 1458 Metagit-

526 1508 758 1581 nionis
834 1509 1020 1580 diem
1104 1514 1180 1581 et
1253 1506 1638 1579 Persarum
1718 1525 2081 1596 egressum
2166 1507 2494 1579 nimirum
2572 1528 2779 1598 quam
2840 1507 3203 1578 minimum

522 1645 982 1722 statuendum
1057 1651 1192 1718 est.
1301 1643 1759 1739 Quapropter
1845 1645 2175 1719 nuncium
2259 1645 2345 1716 de
2420 1665 2664 1716 eorum
2717 1662 3012 1717 ascensu
3064 1667 3203 1718 non

523 1791 689 1878 post
741 1785 860 1858 12.
918 1783 1461 1875 Metagitnionis
1525 1783 1710 1856 diem
1773 1779 2101 1856 Athenas
2159 1784 2469 1856 adlatum
2527 1805 2684 1856 esse
2758 1785 3202 1875 sumpserim.

537 1921 1025 1996 Athenienses
1103 1930 1362 2016 autem,
1440 1922 1820 1996 Persarum
1901 1923 2307 1996 escensione
2386 1923 2648 2007 audita,
2731 1921 2895 1994 dum
2960 1922 3203 1996 hostes

527 2061 910 2136 educendis
961 2061 1305 2134 militibus
1360 2066 1637 2154 tempus
1691 2066 2100 2154 conterunt,
2171 2066 2361 2135 certe
2412 2060 2739 2152 protinus
2793 2059 3194 2134 concionem

525 2200 932 2273 habuerunt
1009 2199 1398 2290 eodemque
1464 2220 1758 2291 vespere
1816 2197 2312 2272 Marathonem
2364 2197 2659 2290 profecti
2713 2203 2917 2271 nocte
2972 2199 3197 2271 elatos

527 2343 868 2432 occupant
920 2337 1110 2410 locos
1170 2331 1426 2431 (Glem.
1485 2335 1608 2410 Al.
1667 2339 1726 2408 11
1762 2361 1828 2431 p.
1875 2337 2020 2411 130
2058 2336 2328 2428 Dium).
2415 2330 2827 2427 Insequenti
2877 2357 3047 2408 vero
3084 2337 3197 2410 die

527 2474 594 2546 h.
654 2495 716 2547 e.
761 2475 879 2546 13.
962 2471 1507 2564 Metagitnionis
1533 2471 1672 2571 (vel
1734 2478 1802 2546 8.
1837 2472 2072 2570 Sept.)
2112 2477 2267 2570 ipsa
2301 2475 2944 2570 pugnacommissa
2978 2473 3197 2568 est.²³)

734 2609 1097 2704 Quattuor
1136 2613 1461 2710 discrepo
1501 2615 1752 2687 diebus
1791 2637 1832 2686 a
1886 2613 2342 2708 Boeckhio,
2405 2616 2514 2688 cui
2546 2637 2633 2687 ex
2686 2614 3196 2688 recentioribus

527 2750 843 2844 plerique
907 2751 1116 2845 plane
1185 2774 1260 2824 se
1331 2754 1868 2846 adplicaverunt
1924 2751 2335 2845 (Curtius
2393 2751 2523 2825 Gr.
2575 2751 2670 2826 G.
2738 2749 2838 2823 11⁵
2892 2777 2957 2848 p.
3019 2754 3192 2825 824.

529 2887 842 2962 Dunck
865 2912 1068 2963 erus
1107 2889 1203 2964 G.
1247 2891 1312 2965 d.
1347 2889 1438 2963 A.
1477 2885 1648 2963 v11⁵
1685 2915 1754 2984 p.
1807 2887 2007 2988 130).
2061 2890 2467 2966 Boeckhius
2523 2889 2913 2983 Mondcycl.
2972 2917 3037 2986 p.
3098 2889 3195 2963 72

525 3029 625 3101 ita
677 3035 1247 3119 argumentatur:
1303 3032 1424 3103 15.
1473 3028 2011 3122 Metagitnionis
2069 3030 2181 3103 die
2236 3029 2780 3103 Lacedaemonii
2818 3030 3194 3120 egrediun-

526 3173 645 3238 tur
697 3168 1056 3256 triduique
1109 3169 1368 3240 itinere
1423 3167 1610 3243 facto
1675 3170 1782 3241 18.
1840 3170 2103 3241 mensis
2158 3169 2271 3240 die
2331 3132 2656 3241 Athenas
2704 3168 3025 3258 veniunt,
3073 3168 3197 3239 ubi

526 3325 832 3399 pugnam
913 3306 1141 3401 pridie
1209 3309 1642 3380 commissam
1735 3328 1892 3380 esse
1987 3306 2445 3401 comperiunt.
2575 3306 2923 3397 Adsignat
3019 3326 3195 3398 ,ergo

533 3445 924 3518 Boeckhius
975 3446 1198 3539 ipsam
1257 3468 1558 3553 pugnam
1623 3446 1740 3518 1¹7.
1795 3446 1937 3518 diei
1999 3446 2531 3535 Metagitnionis
2588 3442 2731 3539 (vel
2796 3446 2912 3517 12.
2968 3442 3195 3541 Sept.)

729 3580 870 3655 Sed
901 3584 1116 3675 unde,
1148 3606 1438 3676 quaem,
1471 3586 1727 3658 scimus
1758 3584 2371 3658 Lacedaemonios
2403 3582 2745 3677 postridie
2774 3584 2999 3675 ipsam
3036 3604 3206 3675 pug-

529 3742 686 3793 nam
737 3714 1161 3796 advenisse?
1213 3721 1516 3811 Legitur
1561 3744 1730 3795 sane
1763 3722 1890 3795 hoc
1926 3722 2109 3813 apud
2141 3719 2589 3793 Platonem
2630 3718 2884 3813 (Legg.
2926 3743 2990 3813 p.
3030 3716 3207 3818 698)

518 3926 851 3937 ----—--
924 3929 995 3935 ---
1018 3930 1027 3933 -

481 4084 492 4098 ,
745 4028 808 4111 1)
852 4024 984 4111 Qui
1033 4026 1206 4112 spud
1258 4034 1518 4094 ceteros
1562 4031 1921 4114 scriptores
1971 4030 2294 4094 unanimo
2330 4046 2659 4094 consensu
2699 4032 2974 4094 vocatur
3008 4028 3198 4093 Phi-

523 4114 640 4197 lip
671 4114 929 4198 pides.
984 4113 1112 4179 Sed
1165 4122 1382 4181 utrum
1434 4135 1593 4181 vero
1641 4117 1937 4200 propius,
1990 4116 2367 4181 audieritne
2421 4116 2825 4195 Φειδιππίδης
2856 4136 2939 4179 an
2983 4117 3203 4179 Φιλιπ-

521 4202 696 4281 πίδης
742 4202 1016 4266 cursor?
1059 4199 1253 4285 Quod
1306 4222 1550 4266 munus
1622 4210 1689 4267 ut
1737 4206 1952 4287 ipsum
2005 4221 2249 4267 nomen
2304 4204 2531 4266 nescio
2577 4220 2659 4265 an
2708 4204 2905 4266 fuerit
2952 4202 3209 4267 heredi-

520 4288 757 4351 tarium
805 4289 870 4351 in
921 4289 1050 4352 ista
1101 4288 1377 4353 familia.
1645 4331 1652 4341 -

721 4370 790 4457 2)
840 4372 1089 4438 Herod.
1173 4375 1284 4453 VI,
1345 4376 1496 4447 1027.
1581 4372 2041 4461 Χειρωσιίμενοι
2093 4377 2159 4439 δὲ
2202 4379 2305 4454 τὴν
2342 4374 2673 4459 Ἐρέτριαν
2714 4380 2815 4437 καὶ
2860 4374 3208 4459 ἐπισχόντες

520 4457 724 4543 ὀλίγας
771 4455 993 4545 ἡμέρας
1037 4459 1275 4525 ἐᾶτλιυον
1323 4460 1384 4538 ἐς
1411 4464 1520 4541 τὴν
1541 4459 1822 4541 Ἀττικήν.
1891 4460 2277 4546 Respondet
2312 4462 2411 4524 his
2446 4461 2681 4525 diebus
2718 4465 2979 4544 tempus
3012 4461 3200 4541 illud,

522 4545 696 4629 quod
747 4546 903 4609 inde
953 4566 992 4611 a
1043 4546 1456 4632 Phidippidis
1503 4547 1686 4612 abitu
1737 4566 1953 4632 usque
2005 4549 2089 4614 ad
2138 4548 2281 4613 eius
2330 4548 2613 4612 reditum
2666 4548 3027 4631 praeteriit.

726 4633 790 4713 3)
846 4629 1037 4713 Quae
1083 4634 1575 4700 Herodotus
1626 4634 1736 4713 Vi,
1799 4636 1920 4697 109
1971 4641 2037 4699 et
2092 4634 2219 4697 1¹0
2280 4634 2367 4698 de
2426 4633 2813 4717 longinquis
2872 4639 3196 4714 strategu-

519 4738 666 4782 rum
716 4718 1266 4784 altercationibus
1327 4726 1393 4785 et
1452 4722 1537 4785 de
1595 4723 1967 4805 principatu
2015 4720 2301 4785 Miltiadi
2348 4739 2389 4784 a
2436 4720 2709 4801 collegis
2756 4719 2985 4785 oblato
3047 4738 3185 4801 per-

523 4804 705 4869 hibet
749 4812 820 4867 ut
866 4824 1015 4869 oum
1063 4813 1439 4873 ceterorum
1487 4808 1885 4890 scriptorum
1937 4808 2337 4873 testimoniis
2380 4824 2513 4871 non
2549 4813 2927 4888 congruunt
2957 4808 3051 4870 ita
3086 4806 3189 4869 vel

521 4909 642 4974 per
685 4908 759 4955 se
805 4909 1138 4957 summam
1189 4900 1464 4960 movent
1533 4895 2003 4977 suspicionem.
2097 4894 2453 4980 Resipiunt
2512 4895 2676 4960 haee
2736 4892 3197 4962 Philaida-

520 4996 692 5044 rum
763 4987 1158 5047 commenta.
