4057 5790
1950 544 2469 612 ..53-

867 780 1248 854 Salamis
1319 781 1750 870 adiudicata,
1831 779 2383 871 Megarensibus
2458 778 2791 854 Nisaea
2850 780 3141 852 addicta
3182 785 3321 852 est.
3426 777 3533 850 At

869 918 1080 991 valde
1129 917 1404 1002 dubito,
1441 939 1533 989 an
1567 917 2075 1007 Athenienses,
2110 939 2287 1008 quos
2323 916 2773 1002 Nisaeam,
2814 917 3355 1008 Megarensium
3389 937 3547 1011 por-

866 1065 1050 1146 tum,
1127 1055 1482 1146 praesidio
1537 1061 1684 1127 tum
1739 1056 2062 1126 tenuisse
2104 1061 2407 1146 constat,
2460 1077 2615 1127 rem
2666 1053 3393 1128 Lacedaemoniorum
3440 1072 3553 1125 ar-

865 1191 1088 1264 bitrio
1139 1191 1558 1282 permissuri
1609 1190 1898 1276 fuerint,
1949 1193 2032 1264 si-
2060 1199 2439 1286 praeterea
2483 1193 2703 1264 etiam
2740 1190 3198 1266 Salamina
3242 1189 3545 1262 insulam

867 1331 942 1401 vi
1016 1338 1094 1401 et
1139 1331 1356 1401 armis
1405 1336 1882 1420 expugnatam
1933 1330 2447 1423 possedissent.
2552 1327 2711 1402 Hoc
2760 1327 3081 1423 profecto
3133 1349 3387 1419 parum
3438 1333 3553 1399 est

862 1467 1282 1540 verisimile.
1389 1463 1546 1539 Nec
1603 1466 1812 1538 video
1863 1484 1990 1538 cur
2028 1466 2359 1538 omnibus
2394 1466 2545 1538 illis
2582 1469 3055 1556 argumentis,
3090 1486 3274 1555 quae
3308 1484 3545 1538 coram

859 1602 1157 1675 arbitris
1204 1601 1590 1693 protulisse
1641 1609 1928 1694 postero
1982 1610 2305 1694 tempore
2358 1601 2777 1676 ferebantur
2812 1600 3331 1693 AthenienseS,
3368 1623 3547 1694 opus

861 1737 1106 1830 fuerit,
1173 1741 1250 1835 ¹si
1301 1739 1468 1811 illos
1519 1761 1607 1812 eo
1659 1741 1815 1811 iure
1870 1741 2004 1812 niti
2048 1740 2399 1849 licuisset,
2444 1762 2585 1830 quo
2636 1747 3163 1832 expugnatores
3214 1747 3291 1812 et
3340 1740 3553 1812 victo·

853 1897 972 1948 res
1017 1876 1126 1948 uti
1177 1877 1520 1948 assolent.
1555 1873 1614 1963 ¹)

1062 2011 1276 2103 Quod
1347 2013 1412 2084 si
1489 2015 1728 2086 omnia
1785 2015 1962 2087 haec
2015 2019 2295 2087 sincera
2345 2019 2585 2087 mente
2636 2020 3089 2106 reputamus,
3140 2012 3373 2085 facere
3428 2013 3553 2084 vix

855 2169 1256 2240 possumuS,
1337 2151 1510 2240 quin
1559 2149 2095 2240 Megarensium
2155 2153 2537 2225 memoriae
2604 2153 2947 2224 maiorem
2996 2152 3213 2224 fidem
3261 2151 3555 2224 histori-

859 2305 1018 2358 cam
1069 2285 1531 2358 vindicemus.

1067 2420 1130 2493 L
1151 2421 1468 2496 acedae
1489 2445 1556 2494 m
1577 2447 1618 2494 o
1643 2426 1773 2495 nii
1845 2426 2211 2515 utriusque
2271 2426 2523 2517 populi
2585 2428 3065 2517 possessionis
3129 2424 3549 2498 fundamen·

861 2569 1014 2631 tum
1063 2561 1138 2631 in
1191 2569 1560 2650 posterum
1609 2547 1892 2654 te'mpus
1942 2565 2287 2636 iecerunt.
2396 2561 2875 2635 Athenienses
2924 2563 3059 2635 hoc
3110 2552 3307 2634 bello
3354 2559 3547 2650 quod

862 2697 1246 2769 voluerunt
1304 2700 1664 2770 consecuti
1729 2705 1938 2770 sunt:
2043 2697 2495 2773 Salamina
2565 2699 2863 2789 posthac
2944 2696 3545 2786 AtheniensibuS,

865 2830 1038 2906 Nis
1062 2855 1306 2905 aeam
1348 2831 1902 2923 Megarensibus
1957 2834 2351 2910 subiectam
2384 2835 2729 2913 videmus.
2810 2831 3049 2907 Etiam
3083 2835 3197 2908 ius
3228 2855 3551 2907 nummos

865 2970 1194 3061 cudendi,
1271 2972 1464 3060 quod
1538 2972 1777 3044 insula
1860 2993 2146 3063 semper
2222 2973 2548 3063 retinuit,
2636 2973 2847 3047 nobis
2920 2979 3037 3045 est
3104 2974 3550 3063 documento,

869 3209 996 3271 hac
1037 3225 1114 3269 re
1162 3206 1440 3269 minime
1483 3206 1930 3270 dubitandum
1977 3212 2097 3269 est.
2196 3203 2476 3287 Singula
2522 3206 2927 3269 arbitrorum
3002 3207 3304 3289 nomina,
3376 3223 3555 3289 quae

871 3291 1272 3355 Plutarchus
1317 3292 1612 3369 exhibet,
1660 3300 1844 3355 certe
1887 3292 1975 3355 ad
2021 3291 2232 3372 ipsius
2276 3290 2565 3355 foederis
2612 3290 2878 3355 tabulas
2922 3292 3230 3355 redeunt.
3302 3291 3561 3373 Tetigit

871 3396 1018 3441 rem
1059 3378 1268 3441 etiam
1309 3376 1734 3441 Aelianus
1781 3398 1846 3441 ν.
1874 3379 1940 3445 h.
1966 3375 2113 3451 vn,
2151 3378 2256 3439 19.

1072 3466 1146 3539 1)
1235 3462 1529 3526 Ratione
1585 3464 1766 3527 haud
1825 3461 2141 3528 dissimili
2186 3462 2472 3525 Salamis
2516 3461 2737 3526 insula
2784 3462 3141 3545 postmodo
3190 3482 3233 3525 a
3278 3462 3557 3526 Mace·

867 3549 1238 3613 donibus
1305 3556 1698 3631 comparata
1763 3556 1890 3629 est,
1947 3569 2103 3612 cum
2152 3549 2601 3612 Athenienses
2646 3547 2912 3627 ol.115‚
2960 3548 3261 3612 3=318
3304 3568 3347 3612 a
3388 3547 3550 3611 Cas-

865 3634 1113 3698 sandro
1135 3653 1370 3716 pugna
1391 3633 1619 3697 navali
1643 3634 1886 3698 devicti
1913 3641 2161 3697 essent.
2208 3632 2361 3716 Quo
2392 3635 2569 3697 facto
2586 3632 2995 3700 Salaminios
3018 3634 3205 3715 (Cas
3226 3654 3258 3698 s
3278 3654 3377 3698 an
3398 3634 3489 3697 dr
3508 3652 3551 3697 o

866 3721 1100 3783 invitis
1147 3721 1673 3783 Atheniensibus
1726 3719 2017 3783 insulam
2079 3739 2273 3783 suam
2336 3719 2696 3783 tradidisse
2740 3720 3140 3798 Polyaeni
3188 3720 3299 3783 lv.
3350 3722 3459 3801 11,
3508 3720 3553 3781 2

866 3806 1254 3871 testimonio
1322 3812 1614 3869 constat:
1687 3806 2096 3888 Κάσσανδρος
2136 3803 2287 3887 ὅμοῦ
2338 3811 2452 3887 μὲν
2500 3805 2841 3887 ἐπολιόρκει
2884 3808 3227 3887 Σαλαμῖνα,
3292 3802 3442 3887 ὃμοῦ
3485 3807 3555 3868 δὲ

863 3894 970 3955 καὶ
1005 3888 1356 3969 Ἀθηναίοις
1395 3890 1790 3973 ἐναυμάχησε.
1867 3889 2149 3970 Νικήσας
2188 3896 2259 3981 τῇ
2302 3896 2625 3977 ναυμαχίᾳ,
2658 3890 2835 3966 ὅσους
2873 3890 3001 3973 μετ’
3040 3890 3384 3971 Ἀθηναίων
3426 3889 3553 3953 εἷλε

865 3978 1274 4058 Σαλαμινίους
1336 3974 1480 4039 ἄνευ
1544 3976 1772 4058 λύτρων
1827 3976 2042 4059 ἀφῆκε·
2094 3976 2433 4057 πυθόμενοι
2494 3981 2564 4039 δὲ
2624 3974 2689 4038 οἱ
2734 3979 2843 4055 τὴν
2884 3978 3205 4058 Σαλαμῖνα
3252 3977 3551 4051 οἰκοῦντες

864 4060 1340 4144 προσεχώρησαν
1385 4062 1798 4149 Κασσάνδρῳ,
1839 4060 2275 4136 πιστεῦσαντες
2318 4059 2499 4125 αὗτοῦ
2536 4064 2609 4151 τῇ
2660 4066 3121 4151 φιλανθρῳπίᾳ.
3210 4059 3342 4143 Qui
3389 4063 3550 4143 quin

869 4148 1243 4210 cleruchi
1290 4148 1538 4210 fuerint
1561 4150 1766 4211 Attici
1801 4165 2003 4211 nemo
2039 4150 2279 4230 opinor
2304 4146 2655 4213 dubitabit.
2724 4145 2924 4228 Quod
2958 4150 3019 4210 si
3047 4158 3231 4211 recta
3258 4155 3359 4211 est
3380 4146 3552 4209 haec

865 4234 1199 4297 sententia
1229 4250 1364 4296 non
1389 4235 1592 4298 modo
1615 4236 1744 4298 hoc
1764 4234 1946 4315 quod
1971 4232 2334 4297 Salaminii
2350 4233 2553 4297 Attici
2578 4232 2939 4298 ediderunt
2962 4232 3297 4315 exemplo,
3315 4250 3553 4295 verum

869 4320 1071 4382 etiam
1139 4320 1420 4401 pristina
1483 4319 1604 4383 illa
1649 4320 2145 4400 Megaricorum
2208 4317 2605 4382 colonorum
2670 4319 3050 4383 defectione
3096 4319 3557 4400 infringuntur

865 4404 1538 4468 Kirchhoi'fiana
1581 4406 1790 4469 haece
1821 4404 2033 4484 (Abh.
2066 4404 2131 4467 d.
2169 4404 2337 4467 Berl.
2372 4404 2595 4468 Akad.
2632 4404 2799 4468 1873
2831 4426 2897 4488 p.
2918 4405 3073 4485 85):
3145 4405 3336 4485 ,Hier
3376 4404 3551 4468 hebe
3588 4451 3615 4475 χ

865 4491 976 4553 ich
1021 4510 1177 4553 zum
1225 4490 1542 4553 Schlusse
1585 4512 1716 4555 nur
1759 4491 1938 4554 n'och
1983 4492 2251 4569 hei-vor,
2322 4490 2481 4555 dass
2546 4492 2761 4555 damit
2826 4490 3137 4573 zugleich
3192 4492 3366 4555 auch
3425 4490 3551 4553 das

867 4576 1420 4656 beschimpfende
1449 4576 1839 4641 Vorurtheil
1887 4578 2197 4659 beseitigt
2240 4578 2352 4656 ist,
2404 4577 2582 4639 kraft
2625 4576 2863 4640 dessen
2898 4596 3058 4640 man
3087 4575 3413 4658 geglaubt
3438 4578 3553 4639 hat

821 4720 842 4729 -
867 4661 1254 4725 annehmen
1280 4680 1366 4724 zu
1389 4662 1650 4736 dut-fen,
1684 4665 1838 4727 dass
1883 4662 2495 4726 kleruchische
2529 4662 2729 4725 Gem
2752 4664 2887 4725 oin
2910 4664 2951 4725 d
2975 4682 3073 4725 en
3108 4664 3183 4745 je
3216 4661 3543 4725 zuweilen

869 4765 1024 4810 vom
1091 4745 1659 4812 Mutterlande
1716 4748 2096 4829 abgefallen
2160 4750 2346 4811 seien
2420 4747 2557 4811 und
2618 4750 2729 4811 die
2786 4748 3052 4813 warren
3112 4765 3329 4830 gegen
3394 4748 3547 4811 eine

867 4832 1062 4897 stadt
1105 4839 1426 4914 getragen
1473 4835 1726 4913 hatten,
1775 4835 1981 4899 deren
2028 4833 2283 4915 Burger
2327 4854 2411 4897 zu
2458 4836 2601 4898 sein
2649 4835 2751 4897 sie
2792 4836 2861 4897 in
2910 4833 3383 4898 Wirklichkeit
3430 4835 3541 4896 nie

869 4919 1224 5001 aufgehort
1265 4919 1551 4983 hatten.‘
