4057 5790
1546 547 1656 654 ’---
1775 601 1862 674 71
1985 645 2084 654 --

479 801 785 876 Elucent
882 803 954 876 in
1043 802 1372 876 omnibus
1463 802 1573 874 his
1662 797 2197 874 narrationibus
2293 803 2667 888 tantopere
2762 795 3157 893 Athenien·

480 941 656 1012 sium
737 942 1049 1032 ipsorum
1136 941 1434 1016 consilia
1507 959 1586 1014 ac
1665 939 2101 1028 voluntates,
2176 941 2257 1010 ut
2333 935 2423 1008 ab
2505 934 2694 1010 omni
2775 933 3165 1028 probabili-⁵

479 1085 628 1151 tate
715 1079 1147 1168 abhorreat³
1223 1069 1501 1150 fabulas
1564 1077 1738 1149 istas
1807 1077 1945 1148 iam
2006 1073 2231 1148 multo
2294 1079 2461 1148 ante
2520 1072 2739 1146 fuisse
2803 1074 3157 1166 inventas,

479 1237 689 1307 quam
775 1216 973 1309 ipsae
1027 1213 1578 1289 Atheniensium
1653 1235 1806 1291 cum
1863 1213 1977 1286 his
2023 1211 2437 1304 regionibus
2490 1213 2801 1286 rationes
2868 1211 3163 1285 interce-

482 1352 756 1426 derent.
865 1355 1108 1443 Atque
1163 1352 1502 1426 accedunt
1538 1352 1702 1438 alia,
1744 1371 1926 1442 quae
1963 1350 2212 1422 harum
2270 1337 2757 1423 narrationum
2816 1351 3159 1443 originem

477 1491 694 1563 altius
752 1493 990 1582 repeti
1047 1497 1318 1564 vetent.
1424 1489 1732 1564 Exstant
1781 1490 1968 1562 enim
2025 1489 2430 1562 etiamnunc
2483 1489 2801 1580 vestigia,
2862 1509 2951 1560 ex
3012 1489 3159 1578 qui-

477 1629 608 1701 bus
661 1626 1064 1701 fabularum
1117 1627 1367 1700 harum
1426 1629 1702 1702 radices
1769 1627 1843 1698 in
1895 1628 2051 1722 ipsa
2096 1631 2313 1698 terra
2361 1623 2689 1700 Attica
2756 1625 3157 1700 reconditas

474 1763 718 1858 fuisse,
775 1771 1142 1857 appareat.
1251 1765 1442 1842 Hinc
1491 1764 1874 1838 inveterati
1935 1763 2195 1836 heroes
2248 1763 2622 1855 priscaque
2678 1732 2987 1835 locorum
3042 1785 3161 1836 no·

473 1903 666 1975 mina
731 1904 804 1975 in
879 1923 1134 1975 novum
1215 1902 1414 1974 illum
1503 1901 1905 1975 fabularum
1961 1919 2279 1993 campum
2333 1921 2474 1972 non
2534 1901 2686 1973 sine
2740 1901 3035 1975 consilio
3091 1906 3166 1975 et

473 2041 750 2114 ratione
810 2041 1162 2114 translata
1215 2046 1406 2114 sunt.
1517 2039 1742 2113 Velut
1788 2041 1859 2112 in
1907 2039 2219 2129 antiquis
2257 2035 2518 2112 fabulis
2557 2039 2813 2112 Atticis
2867 2037 3155 2113 Muni-

476 2171 750 2271 chus¹)
807 2179 1090 2269 quidam
1147 2180 1475 2271 occurrit,
1541 2185 1870 2252 vetustus
1921 2175 2333 2252 Munichiae
2386 2177 2847 2269 paeninsulae
2903 2199 3159 2271 epony-

475 2339 654 2409 muS,
713 2317 831 2408 qui
882 2317 1148 2390 elatum
1203 2317 1402 2389 illum
1453 2317 1685 2392 locum
1741 2317 2012 2408 primus
2070 2333 2449 2408 occupasse
2502 2312 2666 2413 (fuit
2702 2316 2889 2388 enim
2940 2320 3161 2389 antea

475 2455 655 2527 mari
711 2455 802 2528 ab
857 2455 1014 2548 ipsa
1059 2461 1256 2528 terra
1307 2453 1554 2530 Attica
1611 2454 1908 2545 divisus)
1975 2452 2234 2544 ‘ibique
2274 2452 2555 2528 Dianae
2600 2455 2863 2528 cultum
2904 2455 3159 2531 consti·

476 2593 700 2665 tuisse
772 2591 1140 2668 ferebatur
1167 2589 1254 2686 ⁴²).
1418 2592 1579 2685 Quo
1643 2597 1988 2684 regnante
2072 2590 2493 2666 Hellanicus
2548 2593 2623 2666 in
2688 2593 2985 2669 Atthide
3033 2615 3161 2668 sna

478 2737 724 2803 narrat
748 2725 808 2828 3)
883 2727 1422 2824 OrchomenioS,
1505 2753 1547 2803 a
1597 2731 1986 2805 Thracibus
2070 2730 2248 2804 urbe
2328 2753 2457 2805 sua
2509 2733 2870 2824 expulsos,
2937 2731 3163 2804 Athe·

479 2891 611 2943 nas
693 2870 973 2944 venisse
1057 2876 1132 2965 et
1207 2891 1250 2944 a
1311 2868 1653 2947 Municho
1722 2871 1952 2947 locum
2035 2870 2249 2945 istum
2332 2871 2701 2946 colendum
2784 2872 3157 2965 accepisse,

475 3030 683 3099 quem
752 3011 824 3081 in
908 3010 1062 3081 eius
1137 3009 1477 3084 honorem
1529 3008 1964 3085 Munichiam
2032 3010 2591 3105 appellavissent
2642 3012 3040 3103 illiquidem
3074 3008 3157 3108 ⁴).

495 3166 572 3173 —-

685 3230 750 3312 1)
813 3228 1062 3293 Veram
1111 3232 1401 3295 nominis
1449 3233 1732 3296 formam
1783 3230 2077 3295 restitnit
2140 3230 2603 3294 Alirensius
2650 3229 2738 3292 Μ.
2786 3228 2919 3292 Rb.
2968 3228 3161 3294 XVII

471 3316 716 3401 p.362‚
742 3334 945 3399 quam
981 3318 1156 3382 iusto
1186 3320 1332 3382 iure
1377 3320 1636 3401 recepit
1680 3317 2137 3381 Scheerius
2182 3316 2364 3399 (Lye.
2390 3315 2692 3397 A1.498).
2732 3314 3058 3380 Munieh
3090 3335 3155 3397 ο,

474 3403 915 3468 Molossorum
961 3405 1121 3486 vati,
1151 3423 1352 3488 quem
1386 3406 1442 3468 A
1465 3426 1506 3467 n
1530 3412 1688 3471 ton.
1719 3403 1885 3470 Lib.
1914 3403 2162 3467 Metam
2194 3404 2268 3466 14
2300 3408 2807 3483 commemorat,
2858 3422 3008 3467 cum
3036 3402 3165 3468 hoe

479 3491 755 3555 omnino
804 3488 992 3554 nulla
1037 3493 1207 3557 ratio
1249 3492 1708 3555 intercessisse
1741 3490 2032 3554 videtur.
2109 3487 2819 3554 Wilamowitzius
2866 3488 3155 3573 Kydath.

475 3598 520 3661 p
678 3664 752 3740 2)
822 3658 1177 3744 Reliquiae
1243 3662 1439 3727 huius
1521 3660 1798 3726 fabulae
1861 3667 2171 3725 servatae
2232 3666 2389 3723 sunt
2455 3661 2633 3743 apud
2703 3660 2891 3725 Suid.
2962 3680 3019 3725 s.
3087 3681 3153 3725 v,

463 3747 806 3833 ’Ἐμβαρος.
859 3748 1163 3831 Apostol.
1218 3748 1364 3827 vn,
1410 3749 1512 3815 10.
1577 3750 1745 3831 App.
1818 3747 2016 3810 Prov.
2082 3747 2165 3825 11,
2237 3747 2347 3809 54.
2438 3746 2766 3811 Dissentit
2832 3766 2985 3811 eum
3055 3748 3157 3811 his

480 3836 814 3919 paulisper
858 3834 1344 3899 Pausanias
1392 3834 1600 3919 (apud
1650 3834 1960 3911 Eustath.
2011 3836 2099 3899 Ιλ.
2141 3839 2203 3917 β,
2250 3830 2405 3917 732)
2454 3835 2569 3917 qui
2618 3832 2849 3917 templi
2895 3841 3157 3899 exstru-

477 3924 768 3989 ctionem
822 3920 1051 3983 tribuit
1097 3918 1488 3985 Embaro.

708 4008 780 4085 3)
854 4005 1076 4071 Schol.
1153 4009 1346 4071 Deru.
1417 4032 1484 4071 π.
1553 4026 1726 4089 mayn.
1797 4006 1951 4069 107.
2065 4005 2171 4069 Ex
2241 4006 2478 4070 eodem
2564 4006 2752 4070 fonte
2841 4025 3155 4071 manasse
3186 4044 3209 4069 .

480 4097 800 4178 Ilarpocr.
819 4112 869 4157 s.
893 4113 955 4156 v,
973 4096 1309 4175 Μουνυχία,
1339 4092 1416 4156 Ε.
1443 4092 1530 4155 Μ.
1550 4112 1605 4155 s.
1625 4113 1690 4155 v.
1715 4094 2026 4175 Μουνυχιά
2044 4092 2267 4186 ssekk.
2291 4094 2417 4155 An.
2436 4090 2563 4155 279
2587 4092 3155 4174 eognovitWila-

481 4200 674 4246 mow
699 4184 716 4243 i
741 4182 947 4243 tzius
997 4180 1280 4263 Kydath.
1321 4199 1387 4262 p.
1413 4180 1561 4260 138,
1612 4179 2022 4265 quiquidem
2056 4179 2384 4244 scholium
2416 4179 2634 4261 ipsum
2669 4198 2939 4263 prorsus
2964 4179 3160 4245 aliter

482 4266 842 4345 intellexit,
915 4270 1118 4348 atque
1174 4285 1377 4349 supra
1423 4266 1724 4350 exposui.
1846 4265 2040 4329 Locis
2080 4284 2122 4329 a
2170 4264 2688 4331 Wilamowitzio
2718 4264 2939 4332 allatis
2980 4266 3158 4332 addo

481 4356 670 4420 Phot.
723 4355 886 4417 Lex·
942 4352 1070 4415 429
1113 4352 1290 4417 Nab.

681 4442 754 4520 Δ)
805 4440 858 4503 Ε
907 4439 1196 4504 vasculis
1220 4439 1455 4503 Atticis
1501 4438 1818 4519 cernitur,
1869 4437 2257 4503 Munichum
2300 4439 2594 4503 Atticum
2646 4438 2849 4502 etiam
2896 4457 3161 4523 pugnae

485 4531 712 4591 contra
760 4527 1144 4589 Amazones
1213 4526 1624 4590 interfuisset
1687 4524 1908 4608 Neap.
1959 4524 2238 4589 VasenS.
2286 4524 2492 4591 Raoe.
2542 4523 2739 4589 Cum.
2790 4525 2941 4589 239.
3032 4525 3160 4589 Hie

489 4613 913 4678 ΜΟΝΙΧΟΣ
1028 4630 1161 4675 una
1259 4630 1410 4675 eum
1516 4610 1664 4675 aliis
1773 4610 2088 4675 heroibus
2189 4610 2429 4676 Atticis
2546 4612 2879 4693 (TheseO,
2986 4610 3157 4675 Pha·

385 4746 400 4753 -
486 4699 648 4781 lere,
732 4698 1052 4780 Phylan,
1128 4698 1488 4781 Astyoche,
1573 4698 1836 4777 Tithra)
1912 4697 2214 4780 depictus
2260 4704 2377 4761 est.
2473 4696 2903 4781 Quamquam
2952 4697 3155 4780 Hey-

487 4787 946 4849 demannus
992 4784 1262 4849 fabulae
1310 4791 1618 4848 naturam
1665 4803 1903 4866 parum
1952 4788 2130 4847 reete
2174 4785 2534 4867 perspexit,
2596 4802 2749 4847 cum
2797 4804 2858 4867 p.
2901 4782 3027 4846 885
3074 4784 3159 4849 de

487 4872 800 4935 Municho
848 4872 1130 4937 diceret:
1185 4871 1450 4951 ,Dieser
1487 4870 1708 4934 Horos
1756 4870 2148 4954 Eponymos
2201 4887 2331 4934 von
2380 4870 2719 4935 Munichia
2776 4889 2921 4933 war
2967 4869 3149 4935 Sohn

489 4956 607 5023 der
634 4958 972 5023 Priamide
1002 4956 1304 5024 Laodike
1336 4956 1470 5022 und
1505 4957 1622 5023 des
1654 4956 2037 5023 Theseiden
2076 4956 2471 5042 Demophon
2520 4955 2725 5036 (Plut.
2746 4956 2947 5023 Thes.
2985 4954 3152 5037 30⁸.
