4057 5790
1633 281 1670 314 Ο

1547 537 2180 650 -91--’

462 815 796 914 Σιγείου
849 818 1003 918 πέρι
1039 841 1142 910 sq.
1251 815 1580 894 Suidas
1620 841 1767 894 sm.
1800 815 2156 898 Πιττακόςε
2214 821 2325 893 καὶ
2378 817 2707 921 Φρύνωνα
2764 826 3141 924 στραγηγὸν

450 947 850 1054 Ἀθηναίων
885 956 1310 1053 πολεμοῦντα
1347 955 1516 1056 ὑπὲρ
1555 963 1671 1028 τοῦ
1705 953 2037 1054 Σιγείου
2085 983 2189 1053 sq.
2281 961 2673 1037 Testantur
2704 965 3020 1038 universi
3064 965 3175 1038 hi.
3236 991 3244 1008 ·

464 1097 847 1187 scriptores
931 1069 1070 1168 uno
1125 1117 1248 1168 ore
1299 1094 1376 1167 id
1429 1096 1620 1186 quod
1667 1117 1882 1191 supra
1953 1097 2333 1172 effecimus
2444 1097 2783 1174 Strabo
2860 1101 3144 1193 quidem

463 1253 616 1308 cum
675 1232 938 1309 Pittaci
1018 1240 1264 1343 contra
1317 1233 1780 1324 Phrynonem
1857 1240 2215 1309 certamen
2271 1235 2599 1330 referret,
2683 1260 2823 1329 qua
2904 1239 2993 1310 de
3062 1260 3143 1311 re

465 1377 854 1462 pugnatum
895 1378 1112 1465 esset,
1167 1372 1584 1444 nominatim
1627 1392 1765 1444 non
1807 1371 2089 1466 adiecit,
2136 1373 2264 1446 sed
2302 1375 2679 1465 superiora
2718 1375 2875 1447 eius
2928 1374 3149 1448 verba

465 1513 655 1579 τοῦτο
709 1508 784 1584 δὲ
837 1505 1242 1608 (Σίγειον)
1293 1511 1620 1606 κατέσχον
1665 1507 1784 1604 μὲν
1833 1502 2193 1607 Ἀθηναῖοι
2246 1505 2575 1608 Φρύνωνα
2644 1511 2755 1582 τὸν
2820 1512 3140 1607 ὀλυμπιο-

465 1647 645 1744 νίκην
681 1636 1087 1744 τέέμψαντες’
1118 1643 1497 1748 Λεσβίων
1550 1643 2169 1741 ἐπιδικαζομὲν
2190 1670 2292 1715 ων
2340 1645 2579 1741 σχεδόν
2630 1671 2688 1718 τι
2723 1654 2842 1746 τῆς
2878 1650 3145 1743 συμπά-

466 1807 591 1880 σης
627 1779 947 1882 Τρῳάδος
991 1793 1132 1859 tam
1170 1787 1384 1879 plane
1411 1788 1820 1880 conspirant
1843 1803 1994 1858 cum
2042 1783 2480 1859 Herodoti
2518 1787 2925 1860 testimonio
2980 1786 3167 1858 ἐπο--

466 1920 706 2016 λέμεον
758 1922 884 2021 γὰρ
951 1921 1022 1994 ἔκ
1073 1949 1146 1996 τε
1201 1917 1597 2021 Ἀχιλληίου
1663 1922 1892 1998 πόλιος
1966 1924 2355 2021 ὁρμεόμενοι
2418 1923 2527 1995 καὶ
2598 1921 2855 2019 Σιγείου
2907 1926 3145 2023 χρόνον

467 2059 577 2130 ἐπὶ
623 2054 1352 2159 συχνὸν’Μυτιληναῖοί
1397 2083 1472 2131 τε
1521 2060 1632 2131 καὶ
1676 2054 2055 2157 Ἀθηναῖοι,
2105 2062 2167 2130 οἱ
2216 2059 2334 2154 μὲν
2410 2060 2959 2139 ἀπαιτέοντες
3022 2063 3145 2162 τὴν

468 2202 726 2297 χώρην,
775 2191 1135 2297 Ἀθηναῖοι
1178 2197 1256 2270 δὲ
1308 2197 1462 2270 οὔτε
1504 2200 2117 2294 συγγινωσκόμενοι,
2168 2205 2249 2273 ut
2286 2221 2426 2289 qua
2477 2200 2565 2273 de
2617 2221 2697 2273 re
2750 2203 2963 2274 etiam
3018 2202 3142 2274 ille

468 2340 1018 2412 controversiam
1070 2340 1278 2412 istam
1334 2337 1556 2412 fuisse
1605 2338 1989 2431 putaverit,
2043 2338 2327 2410 minime
2382 2329 2610 2431 possit
2651 2340 2933 2430 ambigi.

673 2476 1015 2551 Errorem
1082 2477 1537 2567 Diogenis
1606 2497 1764 2571 esse
1819 2482 1928 2549 m‘e
1981 2475 2213 2550 iudice
2277 2477 2419 2549 iam
2472 2477 2813 2570 denegari
2868 2482 3141 2571 nequit.

475 2613 724 2689 Nihilo
781 2617 1016 2689 secius
1098 2617 1211 2690 vel
1291 2637 1504 2688 unum
1586 2615 1798 2690 liceat
1891 2587 2736 2706 subiung‘ain‘h'iti'iiiiixh.
2814 2595 3145 2715 'Quippe

475 2754 1085 2828 ratiocinationem
1139 2752 1706 2829 Rohdianam
1783 2756 1844 2827 si
1923 2755 2288 2845 sequimur
2370 2756 2485 2828 vel
2561 2756 2635 2827 in
2694 2755 2901 2829 aliam
2954 2757 3146 2830 haud

469 2914 754 2985 parvam
812 2893 986 2966 mihi
1031 2895 1347 2969 incidere
1404 2894 1726 2967 videmur
1775 2895 2153 2967 salebram.
2254 2892 2553 2985 Oogit'ur
2604 2895 2792 2972 enim
2844 2893 3010 2967 inde
3040 2934 3144 2949 —-

473 3053 560 3103 ex
587 3031 930 3123 Diogenis
970 3033 1253 3123 quidem
1295 3033 1702 3106 testimonio
1753 3032 1864 3101 καὶ
1901 3034 2159 3108 κτείνας
2210 3021 2599 3135 (Πιττακός)
2655 3032 3141 3141 ἀνεσῴσατο

470 3168 544 3239 τὸ
610 3171 857 3268 χωρίον
917 3172 1140 3261 magis
1209 3192 1418 3261 quam
1489 3192 1578 3241 ex
1640 3167 1908 3242 Rohdii
1957 3170 2201 3242 verbis
2278 3174 2403 3261 ‚sie
2466 3168 2598 3270 (die
2660 3173 2965 3262 Achener)
3031 3172 3142 3240 be-

468 3308 709 3377 drohen
764 3275 954 3380 auch¹
983 3308 1358 3378 Achilleum‘·
1425 3328 1604 3398 quae
1660 3328 1802 3396 quo
1851 3307 2024 3386 solo,
2060 3309 2393 3380 nituntur
2429 3308 2776 3400 Diogenis
2829 3311 3151 3383 testimo:

471 3446 588 3518 nio
644 3466 784 3519 non
840 3446 1054 3538 plane
1109 3446 1546 3541 respondent
1584 3484 1684 3497 —
1731 3444 2209 3539 Mytilenaeos
2264 3448 2454 3537 quod
2502 3445 2719 3538 Sigeo
2776 3447 3143 3521 obstruxe-

471 3591 667 3677 rant,
749 3583 1242 3657 Achilleum
1297 3583 1691 3676 castellum,
1767 3592 1932 3657 ante
1986 3586 2209 3677 ipsam
2266 3584 2525 3660 Pittaci
2576 3586 2937 3659 victoriam
2994 3588 3139 3659 iam

469 3722 685 3794 semel
741 3724 1179 3814 amisisse,
1234 3723 1306 3795 id
1361 3723 1550 3813 quod
1603 3740 1733 3795 nec
1784 3722 2125 3795 traditum
2182 3728 2297 3794 est
2351 3742 2639 3813 usquam
2696 3742 2825 3795 nec
2872 3725 3146 3796 levissi-

470 3881 652 3934 mam
703 3859 920 3933 habet
972 3860 1298 3934 veritatis
1353 3862 1730 3953 speciem..
1816 3860 2017 3953 Quae
2086 3859 2469 3936 difficultas
2545 3857 2726 3933 Roh
2744 3861 2889 3932 dio
2969 3882 3141 3933 sane

471 3974 608 4069 fnit
693 3998 1159 4090 respicienda.
1307 3998 1763 4095 Diogenis,
1817 4006 2053 4072 autem
2150 3999 2367 4072 verba
2446 3970 2794 4089 quom'odo
2873 3998 3144 4070 aliter

471 4135 1030 4229 interpretemur
1083 4137 1410 4228 equidem
1466 4159 1605 4210 non
1653 4132 1956 4226 video.¹)
2062 4135 2209 4211 Sed
2244 4139 2398 4209 iam
2455 4138 2789 4209 subsisto.

501 4308 508 4313 .
517 4308 711 4315 ——-.--—
728 4310 780 4315 -—
796 4310 866 4317 —a-

679 4378 750 4457 1)
796 4378 857 4441 D
883 4378 992 4441 u‘n
1019 4398 1056 4441 e
1082 4378 1132 4441 k
1155 4396 1194 4441 e
1219 4398 1250 4440 r
1275 4398 1320 4441 u
1343 4395 1375 4441 s
1420 4394 1692 4461 quoque
1736 4373 2124 4438 adsentiens
2172 4372 2436 4438 Rohdio
2481 4373 2803 4453 Diogenis
2849 4372 3144 4436 testimo·

425 4492 444 4509 x
479 4462 662 4525 nium
711 4466 1022 4547 quamvis
1070 4464 1454 4528 dubitanter
1501 4469 1568 4527 et
1613 4461 1903 4526 elevavit
1947 4467 2014 4525 et
2058 4460 2365 4524 dilatavit
2408 4458 2487 4523 G.
2528 4460 2594 4523 d.
2636 4461 2713 4523 A.
2752 4453 2875 4521 v1⁸
2894 4477 2958 4542 p.
2992 4459 3141 4522 135:

474 4546 550 4627 ²P
573 4548 770 4632 hryn
786 4570 880 4615 on
913 4552 960 4615 b
980 4551 1067 4615 ed
1087 4556 1234 4615 ritu
1252 4556 1386 4634 gte
1416 4549 1525 4613 die
1549 4566 1722 4612 nene
1739 4549 1960 4627 Festo,
1981 4546 2084 4611 als
2099 4547 2419 4629 Pittacus,
2440 4562 2569 4609 von
2600 4545 2728 4609 den
2751 4544 3145 4626 Mytilenae·

478 4652 594 4696 ern
643 4658 798 4701 zum
847 4639 1198 4720 Strategen
1243 4636 1542 4721 gewlihlt
1585 4636 1709 4698 mit
1757 4634 1886 4697 den
1923 4634 2327 4699 Lesbieehen
2384 4633 2671 4696 Schiflen
2718 4630 3140 4713 herbeieilte,

479 4719 606 4783 den
655 4724 968 4807 Phrynon
1019 4726 1110 4787 im
1146 4722 1608 4805 Zweikampse
1652 4722 1951 4801 besiegte
1996 4720 2137 4784 und
2182 4721 2438 4783 todtete
2482 4719 2617 4782 und
2659 4716 3141 4783 Achilleion

469 4811 740 4872 rettete‘
785 4816 947 4894 etp.
976 4811 1100 4874 274
1135 4828 1234 4893 sq.
1277 4811 1490 4889 ,Aber
1535 4809 1654 4873 der
1696 4806 1904 4887 Krieg
1947 4806 2075 4871 lies
2112 4805 2545 4888 unglucklich
2576 4806 2697 4868 mr
2734 4804 2843 4867 die
2890 4801 3147 4887 Mytile-

479 4912 706 4978 naeer‚
741 4902 902 4959 etntt
930 4898 1202 4981 Sigeion
1229 4897 1484 4959 wieder
1504 4916 1584 4959 zu
1611 4895 1996 4976 gewinnen,
2050 4894 2457 4957 sebienen
2508 4893 2606 4955 sie
2650 4893 2821 4959 auch
2870 4890 3145 4955 Achil·

474 4978 704 5047 leion
753 4983 1086 5048 vei-lieren
1136 5006 1218 5047 zu
1264 4981 1502 5047 sollen.
1599 4982 1725 5044 Die
1750 4997 1924 5043 nene
1951 4980 2146 5044 Feste
2181 4999 2321 5043 war
2366 4982 2558 5044 bart
2606 4996 2733 5043 von
2768 4978 2899 5041 den
2944 4978 3145 5042 Athe·
