4057 5790
1997 579 2506 648 ...20-

911 813 1350 936 lj'abularum
1429 817 2004 911 Megarensium,
2088 841 2269 909 quae
2346 824 2435 892 ad
2509 820 2697 894 hunc
2774 827 3124 912 spectant,
3204 820 3603 892 rudimenta
3676 875 3695 894 .

913 953 1319 1028 etiamnunc
1373 964 1658 1027 exstant
1711 959 1898 1050 apud
1948 956 2214 1029 Paus,
2273 958 2510 1050 1.-39,
2568 960 2613 1028 6
2670 964 2745 1030 et
2788 958 2916 1048 44,
2972 959 3042 1028 6.
3174 957 3291 1029 De
3356 957 3601 1030 eodem

915 1089 1134 1161 heroe
1191 1089 1607 1182 Megarensi
1683 1095 1831 1184 egit
1881 1094 1994 1166 Pr
2013 1098 2269 1166 axion
2354 1096 2425 1165 in
2511 1094 2747 1165 altero
2827 1093 3014 1166 libro
3080 1091 3601 1183 Megaricorum

911 1221 1302 1320 (Harpocr.
1359 1251 1416 1300 s.
1475 1251 1540 1302 v.
1597 1226 1875 1326 Σκῖρον).
1997 1229 2151 1320 Qui
2206 1251 2415 1320 quam
2470 1239 2771 1321 anguste
2825 1248 3133 1302 conexus
3178 1229 3399 1302 fucrit
3451 1250 3605 1303 cum

916 1359 1124 1436 Sciro
1157 1361 1572 1448 Salaminio.
1604 1366 1718 1437 vel
1747 1367 1910 1466 inde
1939 1339 2270 1461 patescit,
2302 1368 2489 1458 quod
2522 1365 2804 1440 Scironi
2831 1367 3367 1440 adscribebatur
3394 1367 3605 1440 etiam
3642 1418 3649 1427 .

917 1502 1280 1569 συνοικίσαι
1357 1501 1478 1597 τὴν
1526 1497 1888 1594 Σαλαμῖνα
1909 1498 1991 1593 ¹).
2118 1501 2202 1574 In
2281 1505 2458 1594 ipsis
2530 1503 2793 1575 fabulis
2872 1501 3282 1577 Salaminiis
3362 1501 3611 1577 Scirus

923 1633 1272 1732 Neptuni
1324 1638 1516 1710 filius
1589 1647 1723 1730 est,
1799 1638 2209 1731 SalaminiS‚
2288 1639 2520 1730 Asopi
2582 1641 2799 1732 filiae,
2875 1644 3173 1712 maritus
3278 1635 3611 1734 (Hesych.

789 1743 794 1754 ⁶
920 1795 978 1845 s.
1015 1797 1079 1845 v.
1123 1768 1739 1874 ΣκειρὰςἈθηνᾶ).
1799 1777 2118 1868 Quarum
2158 1777 2556 1850 fabularum
2588 1778 2977 1871 primordia
3001 1778 3254 1868 procul
3286 1777 3501 1848 dubio
3538 1778 3611 1847 in

925 1911 1100 1982 satis
1130 1919 1406 2014 remota
1440 1919 1767 2004 tempora
1801 1916 2127 1988 redeunt.
2185 1913 2608 1988 Rectissime
2636 1917 2859 2004 igitur
2884 1913 3329 1987 Robertus
3356 1913 3607 1986 Herm.

927 2049 1070 2118 XX
1104 2068 1170 2137 p.
1217 2050 1368 2120 354
1405 2058 1762 2123 autumat:
1845 2053 2036 2142 ,Alle
2075 2053 2271 2124 disse
2310 2052 2776 2126 Traditionen
2812 2053 3099 2144 reichen
3156 2054 3231 2122 in
3285 2052 3401 2123 die
3450 2051 3616 2122 Zeit

931 2185 1205 2276 hinem,
1261 2208 1366 2258 wo
1399 2184 1705 2260 Salamis
1753 2191 1882 2260 mit
1915 2189 2227 2279 Megara
2261 2190 2595 2280 politisch
2633 2190 3049 2262 verbunden
3100 2211 3269 2280 war,
3316 2211 3395 2260 so
3450 2191 3614 2262 dass

926 2522 1236 2606 Τελαμών.
1329 2523 1641 2589 Eandem
1688 2527 2106 2610 affinitatem,
2180 2547 2221 2592 a
2264 2529 2665 2612 Pherecyde
2708 2529 2983 2612 quidem
3033 2531 3102 2592 in
3152 2531 3607 2612 suspicionem

921 2617 1260 2684 vocatam,
1310 2619 1848 2675 commemorant
1895 2613 2071 2677 Plut.
2122 2614 2327 2678 Thes.
2376 2615 2486 2678 10.
2535 2615 2739 2678 Paus.
2775 2615 2862 2696 11,
2914 2616 3026 2694 29,
3060 2616 3125 2678 9.
3176 2613 3401 2678 Schol.
3439 2614 3603 2678 Eur.

922 2695 1135 2759 Andr.
1183 2695 1331 2762 687.
1410 2695 2152 2781 Philostephanus
2198 2700 2521 2764 Endeidis
2567 2707 2827 2783 patrem
2870 2701 3063 2763 affert
3108 2697 3602 2766 Chironem:

922 2780 1139 2843 Schol.
1187 2783 1274 2843 12.
1311 2783 1398 2864 11,
1451 2785 1567 2845 14:
1609 2784 1836 2858 Αἰακὸς
1881 2781 1914 2848 ὃ
1959 2788 2106 2860 Διὸς
2145 2791 2249 2847 καὶ
2284 2785 2541 2865 Αἰγίνης,
2587 2786 2779 2869 γῆμας
2812 2784 3123 2864 Ἐνδηίδα,
3166 2789 3272 2865 τὴν
3300 2787 3609 2867 Χείρωνος

919 2869 1253 2952 θυγατέρα,
1303 2866 1446 2949 ἔσχε
1488 2867 1595 2933 δύο
1639 2870 1888 2949 παῖδας,
1931 2872 2148 2950 Πηλέα
2190 2876 2295 2933 καὶ
2345 2873 2695 2953 Τελαμῶνα.
2768 2871 2913 2936 Nec
2958 2881 3186 2935 tamen
3236 2873 3344 2934 hio
3389 2871 3607 2935 diver-

925 2972 1154 3015 sorum
1203 2956 1554 3017 nominum
1595 2957 2066 3020 confusionem
2112 2958 2537 3021 statuendam
2597 2975 2767 3037 esse,
2838 2963 3024 3021 recte
3072 2957 3418 3041 perspexit
3462 2956 3607 3019 Ro-

921 3041 1216 3101 bertus
1262 3039 1492 3104 Herm.
1543 3040 1678 3103 XX
1722 3061 1786 3123 p.
1839 3043 1963 3106 354
2015 3042 2193 3105 Adn.
2243 3045 2303 3105 1.
2381 3040 2646 3126 Quippe
2676 3044 2804 3105 fuit
2846 3042 3019 3107 haec
3062 3041 3335 3107 fabulae
3368 3042 3607 3105 Thes-

919 3122 1250 3187 salicae
1295 3126 1514 3189 forma
1559 3128 1784 3205 (ouius
1815 3130 2219 3192 memoriam
2250 3132 2632 3192 servavisse
2678 3128 2941 3191 videtur
2972 3132 3177 3192 etiam
3211 3118 3500 3209 Hygin
3521 3147 3609 3191 us

922 3210 1060 3272 fab.
1107 3208 1325 3288 XIV).
1378 3210 1524 3275 Iam
1571 3230 1733 3277 vero
1775 3233 1930 3277 cum
1979 3213 2327 3278 Aeacidae
2374 3216 2889 3297 occupavissent
2934 3215 3267 3297 Aeginam
3316 3226 3384 3276 et
3428 3212 3611 3277 Sala·

922 3296 1108 3358 mina
1141 3295 1422 3377 insulas,
1475 3296 1875 3363 Chironis
1921 3304 2138 3363 vicem
2184 3302 2323 3363 iam
2371 3301 2664 3365 obtinuit
2708 3299 3085 3365 Sciron.·

1122 3399 1190 3479 1)
1241 3398 1393 3464 Non
1441 3400 1645 3483 plane
1683 3412 2041 3467 accuratus
2084 3401 2509 3467 Robertus
2554 3402 2811 3483 (Herm.
2860 3400 2998 3465 XX
3028 3422 3096 3483 p.
3129 3400 3305 3483 353),
3338 3410 3491 3466 cum
3523 3402 3611 3464 ad

924 3485 1168 3549 verba:
1240 3484 1564 3566 ,Praxion
1632 3489 1817 3551 hatte
1867 3488 2113 3552 Skiron
2162 3489 2263 3552 als
2310 3486 2550 3554 Stifter
2616 3490 2737 3552 des
2782 3488 3236 3569 Heiligthums
3281 3488 3609 3567 genannt‘

922 3572 1226 3635 adnotet:
1272 3576 1406 3651 ,τοῦ
1449 3577 1897 3649 συνοικίσαντος
1925 3574 2247 3656 Σαλαμῖνα
2278 3582 2505 3637 setzen
2560 3573 2750 3637 Suid.
2786 3574 2979 3645 Phot.
3011 3575 3238 3653 hinzu,
3288 3573 3611 3637 vtodureh

923 3658 1034 3721 die
1075 3655 1438 3721 Identitaet
1483 3658 1606 3720 mit
1650 3660 1870 3742 Σκῖρος
1935 3678 2068 3722 von
2120 3660 2410 3724 Salamis
2481 3659 2958 3723 ausdrucklich
3027 3661 3316 3739 bezeugt
3383 3660 3605 3722 wird‘.

920 3744 1335 3825 Harpocr.
1385 3763 1441 3807 8.
1490 3763 1556 3806 v·
1609 3746 1849 3828 Σκῖρον·
1893 3748 2023 3809 Καὶ
2056 3744 2338 3825 Ἀθηνᾶν
2381 3748 2449 3809 δὲ
2487 3744 2773 3827 Σκιράδοί
2824 3747 3082 3825 τιμῶσιν
3117 3742 3472 3825 Ἀθηναῖοι,
3542 3742 3613 3823 ἢν

929 3828 1268 3910 Φιλόχορος
1305 3834 1418 3910 μὲν
1460 3830 1525 3893 ἐν
1567 3832 1817 3917 δευτέρᾳ
1851 3829 2153 3906 Ἀτθίδος
2196 3830 2320 3894 ἀπὸ
2366 3832 2671 3912 Σκίρου,
2718 3832 2880 3905 τινὸς
2913 3828 3298 3892 Ἐλευσινίου
3336 3829 3613 3912 μάντεως

919 3916 1282 3993 κεκλῆσθαι,
1324 3916 1621 3999 Πραξίων
1661 3918 1729 3979 δὲ
1771 3920 1838 3980 ὲν
1863 3922 1908 3998 β
1937 3920 2306 4000 Μεγαρικῶν
2347 3915 2473 3979 ἀπὸ
2516 3918 2941 4003 Σκίρωνος.
2989 3916 3148 3999 Ipsa
3192 3917 3363 3978 haec
3404 3916 3615 3978 verba

925 4001 1384 4082 transscripsit
1439 4000 1627 4063 Suid.
1677 4021 1730 4065 s.
1786 4022 1853 4063 v.
1903 4004 2150 4086 Σκῖρον.
2246 4000 2600 4085 Expressit
2668 4008 3016 4084 praeterea
3060 4002 3613 4085 Harpocrationis

920 4084 1148 4150 locum
1199 4086 1438 4151 Musu
1462 4106 1598 4151 rus
1643 4090 1711 4150 in
1757 4089 1867 4153 ed.
1917 4087 2075 4151 Ald.
2124 4086 2311 4151 schol
2358 4089 2694 4169 Aristoph.
2729 4086 2987 4152 Eccles.
3038 4086 3147 4163 18,
3196 4090 3314 4169 qui
3358 4104 3445 4149 ex
3476 4085 3611 4149 alio

926 4172 1174 4235 Suidae
1217 4170 1370 4237 loco
1422 4172 1694 4237 adiecit:
1769 4176 1876 4237 τοῦ
1938 4176 2387 4247 συνοικίσαντος
2442 4174 2785 4253 Σαλαμῖνα.
2878 4172 3147 4235 Habent
3192 4174 3373 4236 enim
3420 4170 3610 4235 Suid.

923 4266 1007 4320 et*
1033 4258 1310 4322 Photius
1353 4277 1407 4321 s,
1445 4278 1509 4322 v.
1576 4259 1814 4341 Σκῖρος·
1861 4254 1922 4321 οἱ
1963 4260 2037 4320 δέ
2076 4279 2266 4341 φασιν
2319 4257 2441 4321 ἀπὸ
2485 4260 2707 4340 Σκίρου
2758 4261 2867 4321 τοῦ
2912 4258 3285 4320 Ἐλευσινίου
3341 4255 3615 4339 μα’ντεως

919 4347 1210 4426 γενέσθαι
1275 4346 1380 4423 τὴν
1437 4342 1780 4424 ἐπωνυμίαν
1818 4343 2059 4422 ταύτην·
2105 4341 2278 4407 ἄλλοι
2323 4346 2392 4407 δὲ
2435 4342 2559 4406 ἀπὸ
2604 4344 2829 4426 Σκίρου
2867 4346 2973 4405 τοῦ
3018 4347 3462 4418 συνοικίσαντος
3491 4343 3615 4405 Σα-

925 4434 1166 4509 λαμῖνα.
1260 4430 1390 4492 Sed
1444 4429 1736 4492 dubitari
1786 4432 1904 4494 vix
1962 4436 2203 4513 potest,
2278 4432 2441 4511 quin
2502 4432 2705 4491 etiam
2774 4430 2943 4491 haec
3008 4447 3091 4491 ex
3140 4430 3383 4492 eodem
3430 4430 3615 4492 fonte

931 4517 1382 4597 manaverint,
1431 4517 1528 4578 ita
1577 4522 1650 4578 ut
1696 4510 1758 4577 οἱ
1822 4518 1893 4579 δὲ
1937 4516 2350 4598 respondeat
2414 4514 2965 4590 PhilochorO,
3036 4532 3273 4579 verum
3326 4512 3504 4576 ἄλλοι
3546 4513 3617 4576 δὲ

926 4600 1376 4664 Praxioni.
1469 4597 1668 4681 Quod
1716 4602 1775 4664 si
1847 4602 2350 4684 comprobatur,
2401 4619 2489 4663 ex
2534 4600 3065 4682 Harpocratione
3110 4604 3315 4663 etiam
3378 4602 3446 4662 in
3496 4600 3616 4661 hos

923 4684 1108 4747 locos
1141 4685 1544 4749 Scironis
1577 4705 1826 4749 nomen
1858 4686 2440 4765 inserendumest.
2492 4684 2775 4749 Lollin
2797 4688 2991 4768 gius
3020 4684 3260 4765 (Mitth.
3286 4686 3315 4749 1
3346 4706 3410 4767 p.
3448 4684 3609 4747 128:

931 4770 1096 4841 ,Der
1160 4772 1596 4852 Megarenser
1663 4772 1982 4836 Skiron
2054 4771 2293 4835 sendet
2354 4790 2489 4835 von
2561 4770 2853 4837 Salamis
2917 4790 3040 4833 aus
3105 4771 3259 4835 dem
3320 4772 3621 4833 Athener

932 4856 1244 4920 Theseus
1297 4857 1408 4919 die
1453 4856 1872 4947 Steuerleute
1899 4857 2312 4923 Nausithoos
2354 4857 2491 4920 und
2525 4858 2845 4938 Phaiax‘)
2891 4857 2959 4919 in
3006 4876 3302 4921 errorem
3346 4854 3613 4920 incidit:

929 4942 1192 5005 cadunt
1245 4943 1413 5006 haec
1455 4944 1522 5004 in
1574 4943 1894 5007 Scirum
1939 4942 2422 5008 Salaminium:
2472 4942 2647 5007 Plut.
2694 4942 2898 5007 Thes.
2948 4942 3058 5006 17.
