4057 5790
1935 573 2494 643 -106—

881 817 1213 910 vcrimuS‚
1259 817 1436 890 certi
1491 817 1874 908 quidquam
1921 837 2301 906 numquam
2358 836 2444 888 ea
2498 816 2587 889 de
2644 835 2856 890 causa
2908 815 3312 915 constitisse
3364 815 3549 888 vide-

881 953 1132 1027 bimus.
1244 954 1747 1045 Quaecumque
1827 955 1914 1028 de
1995 955 2124 1028 illa
2196 954 2685 1046 adsignatione
2756 953 3199 1027 devenerunt
3250 955 3341 1027 ad
3394 977 3550 1048 nos,

881 1094 1137 1167 mirum
1193 1098 1532 1184 quantum
1584 1093 1774 1204 inter
1825 1115 1902 1166 se
1940 1094 2375 1186 discrepant.
2427 1071 2713 1165 Etenim
2762 1093 3047 1166 videtur
3096 1093 3210 1165 vel
3260 1092 3394 1166 hoc
3426 1093 3552 1165 ali·

881 1232 1054 1322 quid
1106 1231 1202 1304 ad
1244 1231 1938 1308 narratiuncularum
1975 1232 2258 1306 illarum
2308 1230 2929 1306 conformationem
2975 1231 3314 1325 valuisse,
3358 1232 3548 1322 quod

878 1369 1200 1444 Pittacus
1255 1375 1506 1462 postea
1557 1371 1749 1444 inter
1799 1376 2069 1474 septem
2114 1369 2278 1443 illos
2317 1369 2931 1443 renumerabatur.
3021 1367 3279 1459 Itaque
3334 1391 3549 1460 quan-

879 1513 1028 1580 tum
1080 1509 1256 1602 veri,
1305 1514 1646 1600 quantum
1684 1508 1848 1583 falsi
1891 1509 2192 1602 singulis
2246 1510 2358 1582 his
2397 1509 2821 1582 testimoniis
2884 1509 3337 1582 contineatur
3390 1530 3543 1601 per·

879 1645 1166 1721 difficile
1224 1653 1335 1719 est
1387 1648 1784 1721 diiudicari.
1894 1647 2053 1722 Hoc
2104 1655 2350 1722 tamen
2406 1669 2492 1724 ex
2565 1647 2890 1720 omnibus
2953 1648 3092 1719 iam
3140 1647 3314 1720 satis
3375 1646 3545 1718 mihi

879 1785 1280 1858 redundare
1335 1785 1640 1877 videtur,
1724 1787 1917 1860 inter
1996 1808 2153 1859 eum
2209 1807 2477 1880 agrum,
2558 1806 2766 1876 quem
2819 1783 3100 1859 Pittaco
3164 1785 3543 1860 tradidisse

879 1921 1299 1996 ferebantur
1367 1923 1794 2016 Mytilenaei
1891 1931 1966 1998 et
2050 1925 2432 1998 Asiaticam
2511 1923 2709 1997 illam
2764 1923 3310 1997 Atheniensium
3389 1946 3543 2019 pos·

873 2062 1265 2135 sessionem
1321 2062 1588 2136 nullam
1633 2084 1960 2154 umquam
2015 2063 2509 2138 intercessisse
2566 2062 2934 2134 rationem.

837 2295 841 2302 .
1086 2197 1395 2273 Omnino
1424 2205 1712 2291 postero
1741 2206 2059 2295 tempore
2087 2205 2169 2273 ut
2194 2197 2794 2294 Mytilenaeorum
2820 2199 3218 2290 adsignatio
3244 2194 3550 2295 (Diod),

876 2338 979 2411 ita
1059 2338 1172 2416 vel
1249 2339 1408 2431 ipsa
1482 2338 1750 2413 Pittaci
1830 2339 2155 2433 tyrannis
2237 2358 2391 2412 cum
2462 2340 2615 2412 eius
2681 2337 2895 2412 rebus
2950 2338 3191 2410 bello
3242 2336 3548 2414 Attico

877 2476 1238 2568 praeclare
1294 2477 1515 2568 gestis
1569 2500 1611 2550 a
1669 2463 2136 2570 scriptoribus
2216 2478 2548 2577 copulata
2615 2484 2754 2550 est.
2864 2474 3204 2548 Cernitur
3256 2475 3387 2551 hoc
3434 2476 3547 2548 vel

875 2615 1137 2707 optime
1188 2636 1276 2687 ex
1331 2613 1690 2689 Valerii
1741 2613 2098 2688 Maximi
2147 2610 2650 2712 narratione¹)‚
2716 2616 2837 2704 qui
2893 2637 3032 2686 non
3088 2616 3318 2687 solum
3369 2635 3524 2689 cum

877 2753 1313 2846 gravissimis
1367 2751 1788 2826 Aristotelis
1843 2759 1916 2826 et
1969 2753 2449 2846 Theophrasti
2515 2754 2963 2838 testimoniis,
3034 2774 3277 2826 verum
3332 2754 3545 2826 etiam

877 2914 1032 2967 cum
1089 2890 1461 2979 Herodoto
1505 2892 1716 2984 plane
1769 2891 2101 2966 dissentit
2156 2891 2283 2984 VI,
2340 2893 2384 2965 5
2441 2889 2605 2980 Ext.
2670 2894 2745 2965 1:
2800 2890 3105 2985 ,Verum
3153 2914 3243 2965 ne
3293 2890 3542 2965 alieni·

879 3051 1100 3121 genae
1173 3031 1491 3105 iustitiae
1544 3031 1751 3105 obliti
1827 3033 2211 3118 videamur,
2286 3030 2707 3106 Pittacus
2776 3029 3282 3125 MytilenaeuS‚
3348 3029 3543 3103 cuius

877 3176 1001 3241 aut
1054 3170 1326 3241 meritis
1373 3174 1644 3242 tantum
1697 3170 1883 3243 cives
1937 3169 2340 3245 debuerunt
2385 3176 2509 3243 aut
2560 3169 2873 3243 moribus
2929 3170 3410 3260 crediderunt,
3436 3174 3547 3240 -ut

835 3292 944 3383 ‚ei
999 3310 1352 3403 suffragiis
1397 3312 1844 3405 tyrannidem
1902 3311 2287 3403 deferrent,
2350 3311 2625 3384 tamdiu
2671 3308 2853 3382 illud
2905 3309 3280 3400 imperium
3338 3306 3541 3380 susti·

879 3451 1057 3544 nuit,
1113 3450 1449 3541 quamdiu
1501 3450 1766 3524 bellum
1837 3452 1924 3524 de
1975 3450 2247 3541 Sigeo
2313 3470 2471 3526 cum
2525 3447 3094 3523 Atheniensibus
3151 3446 3542 3536 gerendum

876 3589 1032 3663 fuit.
1139 3588 1532 3679 Postquam
1589 3594 1830 3661 autem
1884 3610 2026 3681 pax
2079 3590 2375 3662 victoria
2420 3595 2633 3680 parta
2698 3595 2832 3679 est,
2911 3587 3245 3659 continuo
3326 3584 3543 3659 recla-
3597 3658 3619 3663 -

877 3727 1237 3800 mantibus
1289 3726 1751 3821 Mytilenaeis
1806 3728 2172 3820 deposuit,
2248 3749 2335 3801 ne
2411 3728 2735 3801 dominus
2790 3727 3046 3801 civium
3101 3726 3293 3799 ultra
3345 3745 3553 3815 quam

880 3866 1315 3958 reipublicae
1373 3868 2159 3972 necessitas-exegerat
2215 3872 2687 3959 permaneret.
2824 3864 3068 3957 Atque
3126 3865 3338 3938 etiam
3394 3886 3551 3940 cum

879 4004 1281 4096 recuperati
1335 4005 1490 4094 agri
1543 4005 1836 4078 dimidia
1885 4028 2059 4098 pars
2115 4026 2461 4081 consensu
2520 4006 2826 4080 omnium
2885 4004 3304 4095 offerretur,
3358 4025 3555 4076 aver-

881 4144 972 4216 tit
1053 4142 1360 4215 animum
1443 4142 1532 4215 ab
1616 4165 1698 4216 eo
1769 4166 2089 4238 munere,
2174 4144 2485 4218 deforme
2537 4144 2861 4219 iudicans
2916 4144 3201 4216 virtutis
3254 4142 3552 4233 gloriam

784 4318 790 4326 ·
877 4282 1369 4371 magnitudine
1448 4284 1757 4373 praedae
1831 4284 2198 4361 minuere!
2320 4281 2511 4355 Hinc
2578 4281 2690 4354 vel
2746 4279 3122 4354 Diodori
3177 4300 3377 4352 error
3430 4280 3548 4351 ali·

882 4420 1228 4510 quomodo
1283 4419 1712 4495 illustratur.
1821 4418 2132 4493 Videtur
2168 4420 2390 4513 ipsius
2431 4419 2941 4510 adsignationis
2980 4420 3321 4492 memoria
3358 4418 3548 4489 inter

1103 4812 1175 4890 1)
1223 4810 1526 4877 Seriores
1572 4812 1929 4895 scriptores
1998 4810 2213 4896 (velut
2279 4810 2725 4875 Isidorus
2792 4809 3187 4874 Pelusio
3218 4815 3303 4872 ta
3348 4807 3428 4882 V,
3478 4808 3551 4886 6)

885 4897 1205 4982 quidquid
1257 4898 1345 4964 de
1407 4898 1537 4962 hae
1603 4916 1676 4961 re
1723 4901 1998 4963 confuse
2046 4904 2525 4981 congesserunt
2596 4898 2663 4963 in
2744 4897 2872 4960 hac
2944 4896 3335 4980 quaestione
3378 4895 3553 4959 iusto

881 4986 1026 5053 iure
1070 4990 1350 5074 possunt
1395 4985 1637 5051 omitti.
