4057 5790
1901 533 2467 602 -120-

847 774 966 846 vel
1019 773 1279 864 optime
1324 777 1518 848 certa
1572 773 1920 864 quaedam
1969 773 2248 847 servari
2300 773 2619 865 potuerit
2680 773 3043 848 memoria.
3152 771 3305 846 Iam
3356 793 3529 846 vero

849 931 1004 985 cum
1057 908 1562 986 Marmoris
1633 916 1950 986 auctor
2013 911 2103 984 de
2176 911 2569 1004 superioris
2631 911 2822 1003 regis
2875 911 3315 1003 temporibus
3372 928 3529 983 cum

853 1049 1414 1141 chronographis
1483 1071 1777 1142 prorsus
1857 1051 2247 1144 conspiret,
2333 1072 2423 1123 ne
2506 1050 2583 1123 in
2639 1047 2893 1154 Croesi
2956 1050 3243 1140 quidem
3320 1051 3535 1122 annis
3656 1141 3675 1150 „

852 1186 1342 1261 describendis
1419 1209 1580 1262 eum
1653 1189 1743 1261 ab
1817 1189 1906 1264 iis
1977 1187 2391 1263 discessisse
2472 1189 2843 1281 probabile
2921 1194 3059 1262 est.
3166 1186 3532 1263 Reicimur

853 1323 1099 1417 igitur,
1153 1325 1216 1397 si
1275 1324 1368 1396 15
1424 1325 1588 1398 illos
1643 1347 1894 1419 annos,
1941 1347 2121 1417 quos
2167 1327 2497 1418 regnavit
2534 1325 2871 1418 CroesuS‚
2922 1326 3011 1398 de
3052 1325 3289 1422 556s5
3316 1347 3530 1420 anno,

855 1484 996 1554 quo
1046 1463 1420 1559 imperium
1473 1464 1638 1542 iniit
1687 1465 1844 1558 ille,
1911 1465 2347 1559 deducimuS‚
2419 1465 2509 1538 ad
2566 1461 2801 1562 541l0
2852 1485 3137 1559 annum,
3202 1466 3316 1539 cui
3370 1463 3539 1540 Sar·

859 1602 1052 1674 dium
1107 1604 1700 1694 expugnationem
1759 1603 2245 1694 adsignavisse
2287 1601 2675 1677 Marmoris
2722 1609 2967 1677 auctor
3002 1604 3362 1695 putandus
3402 1609 3537 1676 est.

1063 1739 1373 1816 Obstare
1451 1744 1646 1815 inter
1715 1761 1790 1814 se
1867 1739 2365 1816 Sosicratis
2442 1748 2515 1815 et
2586 1740 3057 1817 Marmoris
3124 1743 3541 1817 testimonia

859 1879 1202 1971 adparet:
1324 1884 1558 1953 utrum
1652 1880 1796 1952 utri
1875 1876 2422 1970 praeferendum
2500 1881 2633 1970 sit,
2672 1936 2681 1943 .
2726 1880 3121 1956 diiudicare
3199 1881 3315 1956 hic
3410 1897 3541 1956 nec

858 2039 1146 2112 possum
1197 2035 1326 2090 nec
1371 2017 1556 2090 volo.
1662 2015 1821 2092 Hoc
1870 2023 2107 2090 tamen
2162 2019 2563 2092 ostendisse
2654 2019 2829 2092 mihi
2900 2019 3171 2112 videor,
3247 2017 3541 2110 Unge-

861 2178 1046 2230 rum
1116 2157 1188 2232 in
1248 2157 1363 2247 iis,
1409 2177 1628 2246 ‚quae
1685 2176 1904 2247 supra
1961 2157 2342 2242 conclusit,
2417 2156 2789 2230 admodum
2855 2157 3317 2249 praecipitem
3384 2177 3542 2230 esse

858 2295 1106 2368 latum.
1217 2293 1666 2385 Quamquam
1728 2295 1868 2386 ipsi
1919 2293 2283 2390 Lydorum
2340 2317 2561 2387 regno
2609 2296 2894 2388 quaudo
2930 2295 3092 2368 finis
3130 2295 3398 2369 allatus
3424 2295 3544 2387 sit,

863 2433 1366 2508 remotioribus
1446 2433 1888 2525 temporibus
1977 2455 2094 2507 res
2170 2435 2345 2507 satis
2424 2439 2594 2510 nota
2642 2433 2865 2508 fuisse
2928 2427 3292 2530 videtur.¹)
3402 2430 3549 2506 Sed

864 2593 1006 2644 non
1071 2571 1301 2664 video,
1383 2591 1510 2646 cur
1555 2572 1844 2662 integra
1891 2569 2107 2644 huius
2166 2573 2275 2645 rei
2320 2572 2661 2645 memoria
2708 2593 2849 2646 non
2905 2572 3147 2645 eodem
3204 2570 3412 2643 modo
3458 2570 3551 2642 ad

854 2709 1239 2785 Marmoris
1292 2716 1649 2783 auctorem
1703 2711 2080 2800 pervenire
2161 2711 2505 2803 potuerit,
2564 2715 2779 2801 atque
2836 2710 2927 2782 ad
2978 2707 3551 2800 AlexandrinoS‚

855 2848 976 2940 qui
1029 2853 1392 2939 vocantur,
1449 2847 1944 2939 grammaticos
2026 2842 2398 2943 (Unger,
2448 2849 2789 2941 Kyaoeares
2841 2868 2905 2940 p.
2962 2843 3163 2946 244).
3280 2845 3551 2921 Evane·

856 2994 1063 3061 scunt
1105 2992 1368 3080 autem,
1449 2988 1512 3059 si
1570 2987 2051 3077 antiquiorem
2105 2985 2491 3060 Marmoris
2572 2986 3175 3079 computationem
3234 3006 3315 3057 re
3384 3004 3555 3058 vera

855 3126 1022 3200 inde
1075 3124 1166 3197 ab
1222 3123 1361 3198 VI.
1425 3124 1540 3198 vel
1590 3123 1688 3205 V.
1743 3125 2025 3199 saeculo
2077 3127 2307 3216 repeti
2364 3126 2566 3217 licet,
2620 3126 2755 3198 iam
2822 3146 3067 3198 omnes
3125 3124 3322 3217 illae,
3376 3143 3553 3213 quas

856 3265 930 3339 in
1009 3262 1161 3336 'He
1193 3284 1230 3337 r
1261 3284 1303 3335 o
1332 3263 1379 3336 d
1408 3268 1577 3337 oto
1664 3263 2019 3337 detexisse
2112 3262 2270 3337 sibi
2362 3263 2645 3337 videtur
2739 3262 3073 3353 Ungerus
3130 3230 3553 3354 ”temporum

729 3451 737 3459 -
862 3401 1343 3478 difficultates,

1068 3538 1213 3615 Sed
1267 3540 1382 3611 vel
1411 3540 1714 3613 alterum
1756 3546 2094 3627 erratum,
2136 3560 2275 3629 quo
2314 3537 2671 3628 Ungeri
2712 3540 3239 3628 argumentatio
3291 3536 3548 3611 nititur

867 3680 980 3755 hic
1039 3678 1585 3771 expungendum
1642 3684 1772 3752 est.
1877 3676 2190 3770 Copulat
2236 3679 2420 3750 enim
2460 3674 2798 3768 Ungerus
2839 3674 3091 3749 Croesi
3144 3676 3402 3768 istam,
3458 3675 3549 3747 de

869 3839 1007 3911 qua
1064 3819 1289 3893 verba
1341 3816 1504 3892 fecit
1557 3815 1976 3891 Herodotus
2020 3818 2076 3908 Ι,
2112 3818 2205 3889 59
2262 3816 2688 3907 legationem
2743 3835 2897 3890 cum
2943 3812 3305 3887 Herodoti
3358 3812 3557 3885 testi-

875 3958 1116 4033 monio
1166 3955 1232 4049 Ι,
1273 3958 1366 4029 91
1426 3957 1734 4046 indeque
1816 3954 1906 4027 ad
1985 3954 2210 4048 ipsius
2281 3953 2661 4043 legationis
2743 3958 3019 4047 tempus
3076 3950 3553 4024 definiendum

879 4118 1122 4171 ansam
1181 4096 1528 4187 capessit.
1557 4090 1621 4191 2)
1741 4092 1950 4185 Quod
2001 4092 2266 4164 iniuria
2343 4088 2604 4163 factum
2688 4111 2843 4163 esse
2898 4094 2981 4163 ut
3055 4089 3554 4172 demonstrem,

871 4235 1122 4328 paullo
1180 4234 1395 4308 altius
1450 4212 1624 4305 mihi
1679 4230 2139 4322 repetendum
2194 4237 2325 4301 est.

1073 4504 1144 4592 1)
1194 4482 1395 4570 Velut
1432 4472 2018 4588 Xenophanes
2068 4501 2273 4586 (apud
2314 4502 2560 4567 Athen.
2589 4520 2653 4584 p.
2683 4500 2797 4578 54)
2846 4516 3219 4582 cauponem
3264 4498 3421 4561 facit
3466 4497 3554 4561 ab

875 4596 1139 4678 hospite
1259 4597 1648 4657 nael-entem
1713 4594 1960 4671 πηλίκος
2025 4586 2166 4670 ἦσθ’
2229 4584 2338 4653 ὅθ’
2407 4586 2438 4652 ὃ
2493 4590 2713 4667 Μῆδος
2779 4584 3070 4669 ἂφίκετος
3134 4583 3549 4665 Dielsius,

873 4682 958 4745 Μ.
1014 4681 1145 4747 Rh.
1327 4676 1434 4743 XI
1499 4698 1560 4761 p.
1612 4678 1718 4742 20.
1809 4676 2308 4743 Dunekerus
2371 4674 2453 4741 G.
2508 4677 2571 4739 d.
2630 4674 2709 4737 A.
2759 4669 2879 4737 1v⁶
2934 4692 2999 4755 p.
3032 4670 3182 4738 32¹7.
3275 4670 3553 4754 Unge—

867 4787 1051 4843 rus,
1102 4766 1452 4849 Kyaxares
1494 4785 1558 4848 p.
1597 4766 1748 4831 24⁴.

1075 4854 1143 4935 2)
1200 4852 1640 4933 Ungerns‚
1716 4850 1802 4915 N.
1852 4848 2088 4914 Jahrb.
2138 4848 2180 4912 f.
2232 4846 2474 4912 Philol.
2542 4844 2668 4910 127
2718 4865 2787 4929 p.
2836 4843 2996 4909 383:
3084 4840 3233 4921 ,Ale
3279 4842 3557 4909 Kroisos

871 4938 1060 5005 drei
1126 4938 1168 5005 J
1185 4939 1388 5002 ahre
1453 4956 1576 5001 vor
1646 4938 1900 5001 seinem
1949 4932 2145 5001 Sturz
2206 4936 2345 4999 sich
2403 4932 2639 4998 behufs
2686 4930 2873 4997 einer
2921 4928 3556 5013 Bundeegenossen-
